4126 5595
1808 611 2320 678 PRAEFATIO.
3502 620 3590 682 lx

531 795 904 874 interdum
968 798 1257 899 frigoris
1320 798 1553 901 pleni.
1658 797 1750 872 In
1811 802 2055 902 primo
2121 799 2318 873 libro
2385 795 2751 899 Sringara,
2820 803 2971 876 sive
3038 796 3133 876 de
3186 803 3582 897 amoribus,

531 936 767 1011 solitis
832 936 1263 1036 imaginibus
1329 931 1717 1009 laudantur
1774 935 2119 1011 mulieres
2184 951 2259 1011 et
2316 933 2847 1039 vituperantur,
2923 962 3321 1041 earumque
3385 953 3588 1014 nates

531 1094 860 1172 magnac,
928 1070 1099 1145 lotis
1153 1071 1421 1145 similes
1476 1071 1697 1163 oculi,
1756 1074 2196 1146 tumentium
2245 1097 2722 1146 mammarum
2774 1097 2960 1146 onus
3011 1077 3413 1150 sexcenties
3464 1099 3589 1150 oc-

533 1221 862 1298 currunt,
923 1209 1001 1280 in
1055 1233 1200 1309 qua
1251 1233 1332 1281 re
1385 1210 1731 1281 miramur
1779 1232 1952 1281 sane
2003 1223 2260 1308 poetas
2310 1205 2634 1300 Indicos,
2694 1232 2822 1282 eos
2873 1209 3128 1283 saltem
3165 1211 3434 1311 quibus
3481 1206 3597 1288 vis

532 1343 803 1442 ingenii
834 1340 1045 1415 nullo
1083 1340 1312 1415 modo
1367 1340 1596 1433 deest,
1657 1339 1859 1442 quod
1894 1342 2161 1414 talibus
2213 1344 2507 1442 ineptiis
2542 1356 2823 1415 certant
2858 1357 2932 1417 et
2982 1346 3253 1431 „toties
3287 1369 3589 1419 revoca-

532 1492 649 1551 tos
703 1475 1012 1551 candem
1064 1503 1223 1552 rem
1275 1475 1527 1551 dicunt
1577 1478 2035 1550 commutatis
2086 1474 2331 1552 verbis
2383 1491 2459 1551 et
2508 1475 2959 1553 sententiis.”
3000 1527 3008 1534 ·
3061 1475 3287 1574 Quod
3353 1479 3591 1557 multo

531 1617 758 1720 magis
812 1615 905 1691 de
955 1615 1148 1690 libro
1201 1618 1421 1693 tertio
1471 1613 1696 1710 valet,
1751 1615 1883 1690 ubi
1933 1617 2247 1719 repetita
2299 1640 2616 1720 semper,
2684 1618 3118 1722 imaginibus
3169 1617 3595 1724 frequenter

528 1752 803 1858 putidis
856 1769 931 1829 et
977 1757 1250 1857 pingue
1306 1752 1656 1857 quiddam
1707 1756 2165 1848 sonantibus,
2224 1752 2520 1830 sordida
2554 1754 2682 1830 illa
2714 1756 3085 1860 Yoginum
3120 1755 3419 1836 devotio
3459 1757 3586 1836 de·

528 1892 892 1967 scribitur.
1001 1869 1275 1985 Verba,
1351 1918 1538 1995 quae
1588 1891 1910 1995 Ilgenius
1968 1896 2080 1993 (in
2134 1919 2391 1997 opusc.
2430 1892 2701 1997 philol.
2738 1894 2839 1969 11.
2880 1922 2961 1998 p.
2988 1895 3150 1995 70.)
3205 1894 3298 1972 de
3347 1899 3590 2001 poetis

529 2027 986 2102 Graecorum
1021 2031 1374 2130 gnomicis
1425 2028 1765 2129 protulit,
1826 2033 2158 2129 apprime
2209 2027 2356 2102 huc
2407 2030 2718 2103 faciuntt
2777 2031 3086 2118 „Mirari
3118 2033 3339 2125 subit,
3400 2057 3586 2133 quo-

529 2161 754 2249 modo
808 2179 922 2239 tot
972 2178 1239 2267 poetae
1291 2167 1371 2235 in
1420 2179 1572 2235 tarn
1621 2160 1753 2236 vili
1808 2163 1989 2234 orbe
2042 2163 2313 2234 morari
2362 2165 2768 2263 potuerint,
2829 2179 2903 2237 et
2956 2162 3319 2269 quidquid
3370 2169 3449 2239 in
3498 2168 3587 2241 iis

530 2317 684 2375 erat
733 2304 1032 2402 ingenii,
1091 2299 1165 2373 id
1221 2323 1377 2371 non
1427 2298 1646 2371 rebus
1696 2298 2373 2400 praestantioribus»,
2435 2323 2621 2400 quae
2675 2313 3013 2373 ornatum
3046 2300 3368 2404 aliquem
3400 2325 3582 2406 poe-

533 2439 758 2511 ticum
795 2436 1286 2525 admitterent,
1348 2430 1776 2525 dedicarint,
1819 2432 1946 2508 sed
1983 2437 2060 2507 in
2092 2459 2209 2508 res
2243 2433 2771 2528 transtulerint,
2811 2460 3000 2537 quae
3034 2438 3170 2510 nisi
3207 2462 3247 2510 a
3278 2439 3578 2540 pietate,

531 2569 1246 2647 commendationem
1311 2567 1590 2643 habent
1656 2567 2013 2643 nullam.’'
2114 2569 2205 2642 In
2274 2568 2472 2642 libro
2534 2568 2863 2644 secundo
2930 2586 3184 2644 contra
3245 2571 3587 2673 leguntur

527 2701 777 2807 adagia
826 2729 999 2781 vere
1052 2719 1258 2777 acuta
1310 2704 1476 2801 (cfr.
1535 2729 1642 2777 vs.
1684 2710 1760 2775 3.
1806 2704 1877 2776 7.
1923 2710 1996 2776 8.
2047 2709 2167 2775 11.
2219 2707 2308 2776 16
2361 2703 2597 2805 rell.),
2666 2706 3138 2781 inveniuntur
3186 2709 3585 2803 sententiae

526 2840 840 2913 morales
909 2863 1097 2941 quae
1164 2840 1536 2939 ingenium
1602 2840 2020 2939 exprimunt
2086 2863 2255 2912 cum
2317 2835 2634 2940 quadam
2699 2844 3024 2916 novitate
3085 2855 3160 2916 et
3209 2843 3581 2944 gravitate,

528 3002 716 3080 quac
766 2972 1062 3051 laudem
1115 2971 1521 3069 doctrinae,
1580 2971 1983 3050 honestatis
2036 2991 2113 3051 et
2165 2976 2402 3050 omnis
2450 2978 2734 3052 virtutis
2770 2976 3144 3054 celebrant
3177 3005 3346 3054 cum
3381 2994 3585 3084 grato

527 3114 853 3219 quodam
904 3130 980 3191 et
1027 3118 1419 3220 perspicuo
1474 3116 1808 3190 acumine
1847 3114 1977 3214 (cf.
2023 3117 2097 3189 4.
2142 3117 2215 3189 5.
2261 3116 2334 3189 6.
2386 3122 2477 3187 12
2512 3131 2589 3192 et
2618 3114 2869 3216 rell.);
2924 3131 3261 3221 prostant
3293 3115 3585 3192 fabulae

526 3253 910 3357 Aesopicis
962 3252 1260 3344 similes,
1321 3253 1587 3353 quibus
1640 3250 1996 3326 clausulas
2043 3248 2248 3324 addit
2279 3267 2530 3352 poeta,
2587 3278 2743 3327 non
2778 3252 2956 3328 tales
2994 3251 3294 3357 quidem
3331 3252 3585 3356 quales

527 3390 880 3463 Martialis
932 3404 1058 3463 aut
1089 3403 1447 3462 nostrates
1482 3388 1725 3461 solent
1760 3385 2056 3477 addere,
2118 3401 2435 3460 attamen
2469 3390 2820 3463 suavitate
2855 3414 2981 3462 sua
3017 3414 3170 3462 non
3205 3386 3584 3463 destitutas

527 3526 647 3621 (ut
697 3524 822 3597 67.
867 3526 991 3596 62.
1039 3526 1208 3623 98);
1266 3519 1530 3596 adsunt
1582 3525 2098 3623 epigrammata
2147 3536 2233 3595 ut
2282 3523 2381 3594 ita
2432 3520 2671 3596 dicam
2719 3522 3091 3616 historica,
3148 3526 3299 3600 sive
3349 3522 3579 3599 histo·

524 3659 756 3735 riolae
818 3661 1146 3735 versibus
1212 3673 1584 3733 enarratae
1638 3660 1742 3755 (v.
1778 3684 1842 3731 c.
1904 3657 2029 3730 67.
2093 3664 2218 3730 82.
2280 3660 2457 3756 86);
2534 3656 3031 3761 mythologica
3062 3648 3403 3761 ‘denique
3455 3656 3583 3733 de·

524 3794 1083 3899 prehendtmtur
1148 3793 1554 3898 permulta,
1636 3818 1824 3896 quae
1888 3791 2224 3866 sabulosa
2283 3796 2532 3870 vocari
2590 3808 2903 3896 possunt
2961 3791 3371 3887 interdum,
3453 3790 3584 3868 sed

527 3955 687 4003 rem
748 3930 842 4002 de
904 3957 1048 4030 qua
1110 3933 1345 4029 agitur
1401 3929 1640 4030 probe
1692 3928 2058 4001 illustrant
2111 3924 2293 4024 (vid.
2361 3935 2480 3999 10.
2549 3931 2668 4000 16.
2730 3927 2855 4001 27.
2910 3934 3032 3999 28.
3089 3929 3213 4000 29.
3266 3934 3393 3999 38.
3450 3929 3575 4000 68.

529 4064 654 4135 69.
715 4060 840 4133 72.
901 4065 1027 4133 85.
1091 4066 1283 4158 93.).
1391 4062 1484 4133 In
1537 4063 1877 4133 omnibus
1928 4086 2109 4137 vero
2161 4059 2361 4133 hisee
2414 4062 2791 4135 sententiis
2844 4063 3125 4161 egregia
3174 4059 3403 4133 latent
3452 4055 3579 4131 ad-

408 4181 411 4184 ·
527 4198 847 4270 iumenta
915 4192 1007 4267 ad
1063 4217 1310 4267 mores
1360 4191 1718 4267 Indorum
1770 4198 2220 4297 antiquiores
2273 4192 2803 4297 depingendos,
2874 4209 2973 4286 et,
3048 4190 3250 4295 quod
3301 4193 3412 4267 rei
3462 4216 3576 4266 ca-

524 4350 665 4439 put
713 4349 849 4426 est,
908 4329 996 4407 ad
1051 4334 1379 4405 intimam
1430 4330 1719 4433 linguae
1773 4329 2182 4407 Sanscritac
2234 4334 2608 4409 scientiam
2658 4328 3248 4435 comparandam,
3314 4331 3581 4435 quibus

528 4470 624 4549 dc
684 4474 951 4548 caussis
1003 4485 1076 4546 et
1125 4497 1289 4565 nos,
1362 4472 1492 4574 qui
1543 4471 1924 4546 iuvenibus
1977 4473 2330 4576 imprimis
2385 4470 2716 4547 doctrina
2765 4468 3350 4575 provectioribus
3398 4492 3576 4571 pro-

530 4610 739 4689 desse
800 4610 1258 4705 volebamus,
1326 4607 1882 4704 Bhartriharim‚
1955 4637 2179 4714 quem
2241 4609 2666 4687 academicis
2730 4609 3170 4684 lectionibus
3219 4632 3579 4710 perquam

532 4766 784 4854 aptum
834 4764 1082 4823 censet
1116 4747 1569 4848 Schlegelius
1608 4745 1920 4846 (Ressex.
1961 4776 2040 4850 p.
2076 4750 2310 4847 163.),
2370 4746 2614 4821 denuo
2663 4742 3032 4819 edendum
3067 4746 3469 4820 curavimus
3506 4757 3580 4818 et

530 4901 834 4977 textum,
890 4886 1325 4986 ceteroquin
1375 4886 1823 4959 rarissimum
1869 4909 1911 4957 a
1953 4887 2312 4987 pessimis,
2372 4883 2642 4986 quibus
2679 4881 3027 4974 scatebat,
3085 4877 3369 4955 mendis
3399 4906 3576 4983 pur·

534 5047 701 5123 gare
750 5019 1181 5098 studuimus.

2924 5157 2973 5229 b
