4126 5595
1754 577 2264 642 PRAEFATIO.
3431 583 3543 643 XV

469 769 843 870 vulgarem
907 765 1621 866 Sriramapurensem
1669 765 1749 836 in
1796 762 1996 837 libro
2047 761 2207 835 Niti
2261 758 2578 836 Codices
2623 760 2687 834 B
2743 776 2821 835 et
2868 760 2977 854 T,
3048 765 3127 836 in
3172 760 3532 866 Vairagyo

471 920 715 978 autem
769 902 982 976 illum
1037 926 1260 1004 quem
1310 899 1521 975 litera
1570 899 1642 975 A
1690 902 2130 993 notavimus,
2187 923 2438 1002 presse
2490 899 2726 1001 sequi,
2783 900 2883 972 ita
2933 913 3020 973 ut
3070 880 3391 975 editores
3443 894 3533 973 ad

473 1041 903 1117 Centuriam
956 1036 1047 1114 de
1101 1040 1431 1115 moribus
1480 1036 1952 1142 redigendam
2003 1042 2168 1142 ipso
2226 1035 2421 1114 Cod.
2468 1036 2532 1110 B
2586 1061 2757 1111 usos
2823 1035 3042 1111 fuisse
3093 1034 3292 1111 haud
3345 1036 3534 1112 absi·

471 1177 626 1250 mili
678 1179 1097 1251 coniectura
1149 1191 1465 1269 statuas;
1524 1204 1751 1279 quum
1802 1202 1981 1253 vero
2033 1179 2114 1248 in
2163 1174 2485 1248 lectione
2533 1198 2688 1248 non
2737 1170 2996 1248 eadem
3027 1176 3221 1248 inter
3252 1190 3535 1249 utrum-

471 1337 615 1412 que
683 1326 967 1386 textum
1031 1309 1496 1386 necessitudo
1563 1317 1842 1403 existat,
1912 1308 2041 1384 sed
2092 1307 2296 1381 Edit.
2352 1312 2661 1381 nimium
2714 1314 3069 1408 quantum
3118 1307 3541 1399 differatjet

472 1444 614 1522 alia
648 1472 951 1549 prorsus
987 1446 1294 1540 scholia,
1356 1438 1702 1548 quam'in
1742 1441 1938 1519 Cod.
1980 1441 2051 1515 A
2091 1442 2459 1544 leguntur,
2519 1443 2898 1544 praebeat,
2955 1446 3253 1518 tertium
3294 1438 3532 1546 quod·

468 1580 637 1657 dam
709 1585 1274 1686 manuscriptum
1339 1608 1481 1685 pro
1536 1605 1796 1655 norma
1845 1577 2187 1655 habuisse
2243 1580 2549 1653 omnino
2595 1576 2906 1682 putandi
2958 1595 3130 1657 sunt
3184 1577 3527 1656 editores.

461 1720 731 1796 Versus
801 1718 1122 1822 denique
1187 1717 1640 1794 abundantes
1705 1744 1795 1793 ex
1862 1715 2055 1795 Cod.
2128 1719 2468 1821 principe
2517 1715 2589 1791 A
2642 1734 2717 1793 et
2762 1714 2965 1792 Edit.
3023 1717 3141 1794 Sr.
3216 1720 3294 1795 in
3360 1743 3531 1822 sup·

462 1857 852 1960 plementis
908 1853 1455 1929 collocavimus.
1564 1837 1877 1930 Prorsus
1932 1858 2130 1930 enim
2189 1856 2552 1928 absonum
2604 1870 2793 1929 esset
2844 1857 3227 1930 Centurias
3269 1878 3534 1929 vocare

464 1989 953 2063 Bhartriharis
1019 1992 1413 2064 sententias
1475 1993 1538 2063 si
1597 1989 1722 2064 vel
1787 2015 1976 2063 unus
2024 2014 2279 2064 versus
2328 2013 2718 2061 numerum
2770 1993 3269 2062 centenarium
3322 2011 3529 2062 exce-

461 2121 709 2218 ‹leret3
743 2219 754 2228 α
789 2126 868 2197 in
935 2121 1599 2200 animadversiones
1663 2138 1911 2196 tamen
1969 2119 2275 2193 disticha
2337 2120 2676 2221 ablegare
2737 2121 3110 2196 noluimus
3176 2125 3349 2214 ista,
3430 2143 3527 2196 ne

463 2288 602 2367 pro
656 2263 923 2366 spuriis
966 2260 1418 2335 haberentur
1469 2259 1715 2333 omnia
1752 2255 1847 2334 de
1887 2259 2154 2361 quibus
2192 2283 2347 2334 non
2386 2273 2790 2335 constaret:
2851 2254 2945 2334 de
2986 2258 3285 2364 singulis
3326 2273 3520 2335 cete·

467 2428 630 2475 rum
681 2397 1192 2476 adnotationes
1242 2413 1527 2474 nostras
1580 2396 1795 2473 adeas
1841 2395 2179 2472 velimus.
2438 2376 2443 2383 ’

748 2537 1124 2613 Gravioris
1179 2539 1432 2639 utique
1482 2538 1561 2611 in
1611 2562 1692 2612 re
1743 2539 1990 2611 critica
2041 2539 2399 2610 momenti
2444 2553 2555 2612 est
2586 2553 2990 2613 metrorum
3022 2540 3239 2632 ratiO,
3300 2563 3538 2641 quam,

466 2677 593 2776 qui
654 2672 1082 2775 neglexerit,
1138 2677 1218 2753 in
1268 2669 1593 2774 legendis
1645 2674 1888 2775 poetis
1943 2688 2018 2747 et
2071 2671 2252 2774 quid
2305 2671 2543 2748 dicam
2594 2676 2673 2748 in
2726 2673 3198 2751 emendandis
3246 2677 3526 2777 ubique

462 2810 819 2885 haerebit.
929 2807 1194 2883 Solent
1255 2812 1453 2882 enim
1515 2812 1595 2882 in
1659 2834 1887 2911 opere
1951 2810 2179 2910 longo
2247 2802 2689 2887 πολυπλόκοις
2738 2805 3011 2919 μέτροις’
3051 2816 3160 2886 uti
3214 2815 3530 2885 seriores

459 2960 722 3050 poetae
773 2944 1038 3037 Indici,
1093 2947 1525 3048 praesertim
1575 2948 1654 3019 in
1697 2948 2149 3021 sententioso
2198 2971 2514 3048 poeseos
2549 2973 2840 3051 genere.
2927 2946 3185 3023 eadem
3220 2972 3523 3052 quoque

458 3082 942 3160 Bhartriharis
993 3098 1231 3158 sataca
1281 3098 1688 3159 metrorum
1737 3086 2086 3160 varietate
2121 3085 2428 3185 insignia
2462 3100 2658 3176 sunt,
2717 3084 2811 3161 de
2867 3087 3160 3188 quibus,
3218 3111 3313 3161 ne
3366 3087 3535 3160 cui-

462 3248 606 3323 que
668 3218 983 3295 disticho
1046 3220 1339 3295 schema
1404 3246 1616 3293 suum
1667 3245 2130 3323 praeponere
2182 3246 2554 3321 cogamur,
2611 3249 2843 3323 pauca
2898 3220 3252 3297 disserere
3303 3220 3514 3296 libet.

457 3357 802 3432 Poteram
854 3352 1200 3454 equidem
1250 3355 1566 3428 lectores
1618 3352 1710 3427 ad
1751 3355 2190 3430 Celebrooltii
2234 3371 2616 3430 tractatum
2668 3384 2762 3429 on
2799 3358 3111 3431 San-serit
3145 3359 3303 3430 and
3335 3360 3522 3431 Pra-

454 3496 583 3563 crit
623 3505 881 3591 poeuy
931 3488 1196 3586 (Asiat.
1237 3486 1412 3560 Res.
1453 3487 1626 3563 Vol.
1649 3486 1793 3585 X.)
1865 3503 1941 3561 et
1989 3486 2083 3561 ad
2137 3487 2439 3562 doctum
2491 3493 2813 3565 Lassenii
2856 3494 2934 3565 in
2984 3488 3519 3593 Hitopadesum

456 3627 1060 3703 commentarium
1111 3623 1478 3726 ablegare,
1536 3624 1669 3698 ubi
1719 3638 1951 3698 metra
2003 3622 2133 3698 illa
2185 3651 2352 3728 pag.
2395 3627 2562 3700 197.
2620 3623 2712 3699 ad
2765 3650 3099 3701 normam
3150 3651 3350 3700 suam
3402 3649 3520 3699 re-

455 3779 709 3841 vocata
742 3778 911 3838 sunt
945 3762 1098 3837 fere
1136 3765 1402 3851 omnia,
1439 3778 1513 3838 at
1549 3788 1777 3866 quum
1811 3760 2143 3837 Kelidasi
2180 3764 2619 3867 opusculum
2655 3763 3186 3840 Srutabodham
3219 3762 3521 3840 dictum·

456 3905 660 3977 cuius
710 3899 1218 4002 apographum
1269 3902 1504 3973 amico
1558 3898 1912 3974 debemus
1950 3900 2363 3988 Stenzler0‚
2422 3899 2757 3975 nondum
2810 3904 2884 3973 in
2918 3899 3175 4001 vulgus
3216 3905 3310 3975 sit
3340 3925 3515 4003 pro·

455 3999 708 4126 latuln,
747 4031 945 4108 haud
980 4008 1345 4133 ingratum
1379 4034 1540 4108 fore
1575 4061 1970 4137 speramus,
2009 4035 2211 4137 quod
2252 4063 2339 4110 ex
2374 4037 2506 4110 illo
2546 4035 2638 4110 de
2675 4040 2923 4111 metris
2958 4033 3509 4137 compendiolo,

394 4184 397 4187 ’
452 4169 934 4248 celeberrimo
985 4181 1253 4270 poetae
1305 4165 1680 4273 adscripto
1731 4185 1954 4271 atque
1992 4195 2081 4245 ex
2118 4171 2542 4244 ΆῙαΙΙίηᾶιΙιὶ
2568 4170 2891 4263 scholiis,
2949 4186 3335 4274 praecepta
3370 4169 3517 4244 huc

457 4309 634 4387 illuc
698 4311 1154 4413 inspergam,
1238 4332 1428 4411 quae
1497 4310 1632 4383 etsi
1697 4334 1852 4382 rem
1917 4305 2303 4384 clariorem
2369 4337 2524 4387 non
2586 4308 2934 4403 reddant,
3014 4307 3210 4414 leges
3270 4324 3513 4385 tamen

453 4452 834 4528 continent
893 4446 1338 4522 firmissimas
1400 4445 1493 4522 ad
1561 4474 1742 4551 quas
1806 4451 2043 4523 oratio
2110 4448 2320 4551 dirigi
2390 4448 2655 4526 debeat
2714 4452 3029 4553 poetica.
3143 4445 3514 4541 Quoniam

454 4616 630 4665 vero
681 4588 983 4663 scientia
1034 4588 1335 4660 metrica
1385 4583 1639 4661 auditu
1690 4590 2121 4689 percipitur,
2179 4586 2565 4663 Kalidfisus
2608 4585 2946 4662 libellum
2980 4612 3218 4678 suum,
3277 4589 3354 4661 in
3389 4613 3515 4660 cu·

454 4729 564 4799 ius
613 4726 991 4826 praecepis
1040 4720 1425 4823 Pingalum
1478 4722 1809 4823 aliosque
1863 4727 2197 4823 sequitur
2247 4727 2724 4825 antiquiores,
2783 4720 3326 4796 Srutabodham
3377 4748 3511 4797 no·

459 4861 765 4930 minasse
814 4870 1083 4929 narrat.
