<?xml version="1.0" encoding="UTF-8"?>
<!DOCTYPE html PUBLIC "-//W3C//DTD XHTML 1.0 Transitional//EN"
    "http://www.w3.org/TR/xhtml1/DTD/xhtml1-transitional.dtd">
<html xmlns="http://www.w3.org/1999/xhtml" xml:lang="en" lang="en">
 <head>
  <title>
</title>
<meta http-equiv="Content-Type" content="text/html;charset=utf-8" />
  <meta name='ocr-system' content='tesseract 3.04.00' />
  <meta name='ocr-capabilities' content='ocr_page ocr_carea ocr_par ocr_line ocrx_word'/>
</head>
<body>
  <div class='ocr_page' id='page_1' title='image "bhartriharissen00bohlgoog_0203.png"; bbox 0 0 4126 5595; ppageno 0'>
   <div class='ocr_carea' id='block_1_1' title="bbox 1762 521 3624 612">
    <p class='ocr_par' dir='ltr' id='par_1_1' title="bbox 1762 521 3624 612">
     <span class='ocr_line' id='line_1_1' title="bbox 1762 521 3624 612; baseline 0.005 -9"><span class='ocrx_word' id='word_1_1' title='bbox 1762 542 2019 603; x_wconf 70' lang='lat' dir='ltr'>mmm</span> <span class='ocrx_word' id='word_1_2' title='bbox 2075 540 2421 602; x_wconf 77' lang='lat' dir='ltr'>Pmmus.</span> <span class='ocrx_word' id='word_1_3' title='bbox 3102 585 3112 606; x_wconf 30' lang='grc' dir='ltr'><strong>ὁ</strong></span> <span class='ocrx_word' id='word_1_4' title='bbox 3320 599 3323 603; x_wconf 90' lang='grc'><em>.</em></span> <span class='ocrx_word' id='word_1_5' title='bbox 3451 521 3624 612; x_wconf 74' lang='lat'>³163</span> 
     </span>
    </p>
   </div>
   <div class='ocr_carea' id='block_1_2' title="bbox 684 707 3623 1185">
    <p class='ocr_par' dir='ltr' id='par_1_2' title="bbox 684 707 3623 1185">
     <span class='ocr_line' id='line_1_2' title="bbox 691 707 3623 821; baseline -0 -18"><span class='ocrx_word' id='word_1_6' title='bbox 691 742 851 804; x_wconf 84' lang='lat' dir='ltr'>latali</span> <span class='ocrx_word' id='word_1_7' title='bbox 896 741 1123 821; x_wconf 86' lang='lat' dir='ltr'>scripsi,</span> <span class='ocrx_word' id='word_1_8' title='bbox 1189 707 1705 819; x_wconf 31' lang='lat' dir='ltr'>quamvis-dentali</span> <span class='ocrx_word' id='word_1_9' title='bbox 1750 737 1808 796; x_wconf 91' lang='lat' dir='ltr'>in</span> <span class='ocrx_word' id='word_1_10' title='bbox 1851 737 2119 816; x_wconf 83' lang='lat' dir='ltr'>proximo</span> <span class='ocrx_word' id='word_1_11' title='bbox 2157 755 2331 795; x_wconf 83' lang='lat' dir='ltr'>versu</span> <span class='ocrx_word' id='word_1_12' title='bbox 2374 733 2523 794; x_wconf 90' lang='lat' dir='ltr'>Cod.</span> <span class='ocrx_word' id='word_1_13' title='bbox 2552 729 2651 809; x_wconf 63' lang='lat' dir='ltr'>A„</span> <span class='ocrx_word' id='word_1_14' title='bbox 2706 734 2923 796; x_wconf 87' lang='lat' dir='ltr'>Nalod.</span> <span class='ocrx_word' id='word_1_15' title='bbox 2952 741 3118 813; x_wconf 81' lang='lat'><strong>2‚62.</strong></span> <span class='ocrx_word' id='word_1_16' title='bbox 3163 750 3223 798; x_wconf 88' lang='lat' dir='ltr'>et</span> <span class='ocrx_word' id='word_1_17' title='bbox 3253 740 3482 820; x_wconf 80' lang='lat' dir='ltr'>saepius</span> <span class='ocrx_word' id='word_1_18' title='bbox 3522 761 3623 802; x_wconf 83' lang='lat' dir='ltr'>ex-</span> 
     </span>
     <span class='ocr_line' id='line_1_3' title="bbox 687 852 3622 948; baseline -0.004 -26"><span class='ocrx_word' id='word_1_19' title='bbox 687 872 831 933; x_wconf 77' lang='lat' dir='ltr'>stet3</span> <span class='ocrx_word' id='word_1_20' title='bbox 869 859 1090 919; x_wconf 86' lang='lat' dir='ltr'>librarii</span> <span class='ocrx_word' id='word_1_21' title='bbox 1120 858 1178 918; x_wconf 92' lang='lat' dir='ltr'>in</span> <span class='ocrx_word' id='word_1_22' title='bbox 1209 856 1416 918; x_wconf 88' lang='lat' dir='ltr'>talibus</span> <span class='ocrx_word' id='word_1_23' title='bbox 1443 854 1742 918; x_wconf 82' lang='lat' dir='ltr'>vocabulis</span> <span class='ocrx_word' id='word_1_24' title='bbox 1777 855 2191 937; x_wconf 72' lang='lat' dir='ltr'>etymologiam</span> <span class='ocrx_word' id='word_1_25' title='bbox 2220 853 2312 913; x_wconf 82' lang='lat' dir='ltr'>vix</span> <span class='ocrx_word' id='word_1_26' title='bbox 2336 864 2678 933; x_wconf 85' lang='lat' dir='ltr'>sequuntur.</span> <span class='ocrx_word' id='word_1_27' title='bbox 2753 852 2989 948; x_wconf 49' lang='lat' dir='ltr'>zangar</span> <span class='ocrx_word' id='word_1_28' title='bbox 3024 877 3199 918; x_wconf 87' lang='lat' dir='ltr'>sensu</span> <span class='ocrx_word' id='word_1_29' title='bbox 3226 857 3497 944; x_wconf 79' lang='lat' dir='ltr'>negativo</span> <span class='ocrx_word' id='word_1_30' title='bbox 3525 880 3622 921; x_wconf 72' lang='lat' dir='ltr'>ca..</span> 
     </span>
     <span class='ocr_line' id='line_1_4' title="bbox 684 973 3623 1062; baseline 0 -22"><span class='ocrx_word' id='word_1_31' title='bbox 684 980 966 1062; x_wconf 86' lang='lat' dir='ltr'>piendum</span> <span class='ocrx_word' id='word_1_32' title='bbox 1009 1000 1131 1040; x_wconf 87' lang='lat' dir='ltr'>esse</span> <span class='ocrx_word' id='word_1_33' title='bbox 1171 978 1264 1040; x_wconf 78' lang='lat' dir='ltr'>vix</span> <span class='ocrx_word' id='word_1_34' title='bbox 1304 976 1543 1039; x_wconf 82' lang='lat' dir='ltr'>dubium</span> <span class='ocrx_word' id='word_1_35' title='bbox 1585 991 1690 1051; x_wconf 84' lang='lat' dir='ltr'>est,</span> <span class='ocrx_word' id='word_1_36' title='bbox 1729 975 2046 1036; x_wconf 87' lang='lat' dir='ltr'>lectionem</span> <span class='ocrx_word' id='word_1_37' title='bbox 2085 973 2355 1055; x_wconf 83' lang='lat' dir='ltr'>adoptavi</span> <span class='ocrx_word' id='word_1_38' title='bbox 2392 974 2564 1035; x_wconf 89' lang='lat' dir='ltr'>unice</span> <span class='ocrx_word' id='word_1_39' title='bbox 2602 994 2798 1035; x_wconf 81' lang='lat' dir='ltr'>veram</span> <span class='ocrx_word' id='word_1_40' title='bbox 2837 996 3007 1056; x_wconf 86' lang='lat' dir='ltr'>quam</span> <span class='ocrx_word' id='word_1_41' title='bbox 3045 988 3105 1038; x_wconf 90' lang='lat' dir='ltr'>et</span> <span class='ocrx_word' id='word_1_42' title='bbox 3144 999 3349 1040; x_wconf 87' lang='lat' dir='ltr'>omnes</span> <span class='ocrx_word' id='word_1_43' title='bbox 3384 991 3623 1041; x_wconf 86' lang='lat' dir='ltr'>tuentur</span> 
     </span>
     <span class='ocr_line' id='line_1_5' title="bbox 691 1094 3621 1185; baseline 0 -26"><span class='ocrx_word' id='word_1_44' title='bbox 691 1098 884 1160; x_wconf 88' lang='lat' dir='ltr'>Codd.</span> <span class='ocrx_word' id='word_1_45' title='bbox 963 1100 1034 1158; x_wconf 86' lang='lat' dir='ltr'>In</span> <span class='ocrx_word' id='word_1_46' title='bbox 1073 1099 1230 1159; x_wconf 86' lang='lat' dir='ltr'>Edit.</span> <span class='ocrx_word' id='word_1_47' title='bbox 1273 1109 1494 1158; x_wconf 81' lang='lat' dir='ltr'>exstare</span> <span class='ocrx_word' id='word_1_48' title='bbox 1535 1096 1768 1156; x_wconf 87' lang='lat' dir='ltr'>videtur</span> <span class='ocrx_word' id='word_1_49' title='bbox 1801 1103 2065 1185; x_wconf 57' lang='grc' dir='ltr'>Ξῑ-τεξπθ</span> <span class='ocrx_word' id='word_1_50' title='bbox 2109 1116 2221 1155; x_wconf 83' lang='lat' dir='ltr'>vox</span> <span class='ocrx_word' id='word_1_51' title='bbox 2257 1094 2410 1155; x_wconf 90' lang='lat' dir='ltr'>enim</span> <span class='ocrx_word' id='word_1_52' title='bbox 2451 1114 2608 1154; x_wconf 84' lang='lat' dir='ltr'>erasa</span> <span class='ocrx_word' id='word_1_53' title='bbox 2645 1105 2732 1155; x_wconf 83' lang='lat' dir='ltr'>est</span> <span class='ocrx_word' id='word_1_54' title='bbox 2767 1094 2827 1155; x_wconf 93' lang='lat' dir='ltr'>in</span> <span class='ocrx_word' id='word_1_55' title='bbox 2870 1115 2942 1155; x_wconf 93' lang='lat' dir='ltr'>eo</span> <span class='ocrx_word' id='word_1_56' title='bbox 2971 1117 3089 1176; x_wconf 92' lang='lat' dir='ltr'>quo</span> <span class='ocrx_word' id='word_1_57' title='bbox 3118 1107 3257 1157; x_wconf 88' lang='lat' dir='ltr'>utor</span> <span class='ocrx_word' id='word_1_58' title='bbox 3288 1097 3621 1180; x_wconf 81' lang='lat' dir='ltr'>exemplari.</span> 
     </span>
    </p>
   </div>
   <div class='ocr_carea' id='block_1_3' title="bbox 687 1203 2714 1302">
    <p class='ocr_par' dir='ltr' id='par_1_3' title="bbox 687 1203 2714 1302">
     <span class='ocr_line' id='line_1_6' title="bbox 687 1203 2714 1302; baseline -0.003 -23"><span class='ocrx_word' id='word_1_59' title='bbox 687 1218 937 1279; x_wconf 78' lang='lat' dir='ltr'>Prorsus</span> <span class='ocrx_word' id='word_1_60' title='bbox 964 1229 1306 1298; x_wconf 89' lang='lat' dir='ltr'>corruptum</span> <span class='ocrx_word' id='word_1_61' title='bbox 1340 1227 1463 1276; x_wconf 87' lang='lat' dir='ltr'>erat</span> <span class='ocrx_word' id='word_1_62' title='bbox 1486 1203 1719 1279; x_wconf 50' lang='grc' dir='ltr'>ἱπιπῇῗ</span> <span class='ocrx_word' id='word_1_63' title='bbox 1744 1210 1983 1302; x_wconf 54' lang='lat' dir='ltr'>‘W</span> <span class='ocrx_word' id='word_1_64' title='bbox 2009 1214 2112 1274; x_wconf 89' lang='lat' dir='ltr'>sed</span> <span class='ocrx_word' id='word_1_65' title='bbox 2142 1213 2283 1274; x_wconf 87' lang='lat' dir='ltr'>baec</span> <span class='ocrx_word' id='word_1_66' title='bbox 2313 1212 2534 1273; x_wconf 85' lang='lat' dir='ltr'>leviora</span> <span class='ocrx_word' id='word_1_67' title='bbox 2561 1224 2714 1274; x_wconf 85' lang='lat' dir='ltr'>sunt.</span> 
     </span>
    </p>
   </div>
   <div class='ocr_carea' id='block_1_4' title="bbox 549 1329 3625 1423">
    <p class='ocr_par' dir='ltr' id='par_1_4' title="bbox 549 1329 3625 1423">
     <span class='ocr_line' id='line_1_7' title="bbox 549 1329 3625 1423; baseline -0.004 -26"><span class='ocrx_word' id='word_1_68' title='bbox 549 1347 641 1397; x_wconf 87' lang='lat'>50.</span> <span class='ocrx_word' id='word_1_69' title='bbox 687 1336 758 1395; x_wconf 90' lang='lat' dir='ltr'>ln</span> <span class='ocrx_word' id='word_1_70' title='bbox 803 1335 1004 1394; x_wconf 86' lang='lat' dir='ltr'>eadem</span> <span class='ocrx_word' id='word_1_71' title='bbox 1048 1356 1112 1395; x_wconf 89' lang='lat' dir='ltr'>re</span> <span class='ocrx_word' id='word_1_72' title='bbox 1159 1334 1355 1415; x_wconf 85' lang='lat' dir='ltr'>pergit</span> <span class='ocrx_word' id='word_1_73' title='bbox 1394 1345 1568 1413; x_wconf 89' lang='lat' dir='ltr'>poeta</span> <span class='ocrx_word' id='word_1_74' title='bbox 1611 1344 1799 1391; x_wconf 92' lang='lat' dir='ltr'>totum</span> <span class='ocrx_word' id='word_1_75' title='bbox 1841 1331 1966 1391; x_wconf 82' lang='lat' dir='ltr'>sere</span> <span class='ocrx_word' id='word_1_76' title='bbox 2010 1332 2355 1391; x_wconf 75' lang='lat' dir='ltr'>concubitus</span> <span class='ocrx_word' id='word_1_77' title='bbox 2397 1342 2588 1391; x_wconf 88' lang='lat' dir='ltr'>actum</span> <span class='ocrx_word' id='word_1_78' title='bbox 2634 1329 2990 1391; x_wconf 83' lang='lat' dir='ltr'>describens.</span> <span class='ocrx_word' id='word_1_79' title='bbox 3041 1348 3360 1422; x_wconf 59' lang='lat' dir='ltr'>&#39;W</span> <span class='ocrx_word' id='word_1_80' title='bbox 3380 1353 3412 1392; x_wconf 78' lang='lat' dir='ltr'>a</span> <span class='ocrx_word' id='word_1_81' title='bbox 3445 1347 3625 1423; x_wconf 57' lang='lat' dir='ltr'><strong><em>w</em></strong></span> 
     </span>
    </p>
   </div>
   <div class='ocr_carea' id='block_1_5' title="bbox 547 2892 642 2943">
    <p class='ocr_par' dir='ltr' id='par_1_5' title="bbox 547 2892 642 2943">
     <span class='ocr_line' id='line_1_8' title="bbox 547 2892 642 2943; baseline -0.011 0"><span class='ocrx_word' id='word_1_82' title='bbox 547 2892 642 2943; x_wconf 80' lang='lat'>51.</span> 
     </span>
    </p>
   </div>
   <div class='ocr_carea' id='block_1_6' title="bbox 441 3848 636 3921">
    <p class='ocr_par' dir='ltr' id='par_1_6' title="bbox 441 3848 636 3921">
     <span class='ocr_line' id='line_1_9' title="bbox 441 3848 636 3921; baseline -0.01 -22"><span class='ocrx_word' id='word_1_83' title='bbox 441 3908 450 3921; x_wconf 50' lang='grc'><strong>,</strong></span> <span class='ocrx_word' id='word_1_84' title='bbox 544 3848 636 3899; x_wconf 81' lang='lat'>52.</span> 
     </span>
    </p>
   </div>
   <div class='ocr_carea' id='block_1_7' title="bbox 676 1437 3640 4035">
    <p class='ocr_par' dir='ltr' id='par_1_7' title="bbox 676 1437 3625 2851">
     <span class='ocr_line' id='line_1_10' title="bbox 686 1437 3621 1533; baseline 0.001 -24"><span class='ocrx_word' id='word_1_85' title='bbox 686 1475 918 1524; x_wconf 68' lang='lat' dir='ltr'>gemma</span> <span class='ocrx_word' id='word_1_86' title='bbox 937 1456 1113 1525; x_wconf 76' lang='lat' dir='ltr'>floris</span> <span class='ocrx_word' id='word_1_87' title='bbox 1159 1448 1476 1526; x_wconf 86' lang='lat' dir='ltr'>descendit,</span> <span class='ocrx_word' id='word_1_88' title='bbox 1515 1448 1716 1510; x_wconf 90' lang='lat' dir='ltr'>Schol.</span> <span class='ocrx_word' id='word_1_89' title='bbox 1756 1465 2083 1533; x_wconf 57' lang='lat' dir='ltr'>W</span> <span class='ocrx_word' id='word_1_90' title='bbox 2104 1465 2320 1519; x_wconf 67' lang='lat' dir='ltr'>tegens,</span> <span class='ocrx_word' id='word_1_91' title='bbox 2369 1447 2657 1531; x_wconf 82' lang='lat' dir='ltr'>significat</span> <span class='ocrx_word' id='word_1_92' title='bbox 2696 1447 2905 1529; x_wconf 78' lang='lat' dir='ltr'>igitur:</span> <span class='ocrx_word' id='word_1_93' title='bbox 2930 1447 3159 1510; x_wconf 85' lang='lat' dir='ltr'>-oculos</span> <span class='ocrx_word' id='word_1_94' title='bbox 3197 1437 3621 1530; x_wconf 72' lang='lat' dir='ltr'>saepenumero</span> 
     </span>
     <span class='ocr_line' id='line_1_11' title="bbox 689 1565 3625 1653; baseline -0 -21"><span class='ocrx_word' id='word_1_95' title='bbox 689 1591 823 1632; x_wconf 89' lang='lat' dir='ltr'>cum</span> <span class='ocrx_word' id='word_1_96' title='bbox 851 1570 1097 1632; x_wconf 82' lang='lat' dir='ltr'>floribus</span> <span class='ocrx_word' id='word_1_97' title='bbox 1124 1581 1508 1651; x_wconf 85' lang='lat' dir='ltr'>comparatos,</span> <span class='ocrx_word' id='word_1_98' title='bbox 1544 1567 1621 1628; x_wconf 89' lang='lat' dir='ltr'>ita</span> <span class='ocrx_word' id='word_1_99' title='bbox 1650 1567 2039 1648; x_wconf 75' lang='lat' dir='ltr'>comprimere</span> <span class='ocrx_word' id='word_1_100' title='bbox 2065 1567 2339 1629; x_wconf 81' lang='lat' dir='ltr'>adversus</span> <span class='ocrx_word' id='word_1_101' title='bbox 2367 1577 2603 1628; x_wconf 79' lang='lat' dir='ltr'>ventum</span> <span class='ocrx_word' id='word_1_102' title='bbox 2629 1565 3052 1648; x_wconf 83' lang='lat' dir='ltr'>pulveremque</span> <span class='ocrx_word' id='word_1_103' title='bbox 3080 1579 3146 1628; x_wconf 89' lang='lat' dir='ltr'>ut</span> <span class='ocrx_word' id='word_1_104' title='bbox 3168 1588 3432 1653; x_wconf 84' lang='lat' dir='ltr'>gemmae</span> <span class='ocrx_word' id='word_1_105' title='bbox 3463 1567 3625 1650; x_wconf 85' lang='lat' dir='ltr'>quasi</span> 
     </span>
     <span class='ocr_line' id='line_1_12' title="bbox 689 1686 3621 1771; baseline 0 -19"><span class='ocrx_word' id='word_1_106' title='bbox 689 1691 995 1753; x_wconf 79' lang='lat' dir='ltr'>videantur</span> <span class='ocrx_word' id='word_1_107' title='bbox 1023 1692 1255 1752; x_wconf 85' lang='lat' dir='ltr'>florum.</span> <span class='ocrx_word' id='word_1_108' title='bbox 1307 1689 1483 1751; x_wconf 90' lang='lat' dir='ltr'>Labia</span> <span class='ocrx_word' id='word_1_109' title='bbox 1515 1711 1620 1750; x_wconf 91' lang='lat' dir='ltr'>cur</span> <span class='ocrx_word' id='word_1_110' title='bbox 1648 1686 2032 1748; x_wconf 88' lang='lat' dir='ltr'>tremebunda</span> <span class='ocrx_word' id='word_1_111' title='bbox 2057 1707 2231 1768; x_wconf 86' lang='lat' dir='ltr'>supra</span> <span class='ocrx_word' id='word_1_112' title='bbox 2262 1686 2548 1765; x_wconf 88' lang='lat' dir='ltr'>dicantur,</span> <span class='ocrx_word' id='word_1_113' title='bbox 2576 1707 2647 1748; x_wconf 86' lang='lat' dir='ltr'>ex</span> <span class='ocrx_word' id='word_1_114' title='bbox 2673 1686 2791 1749; x_wconf 89' lang='lat' dir='ltr'>hoc</span> <span class='ocrx_word' id='word_1_115' title='bbox 2819 1708 2991 1750; x_wconf 82' lang='lat' dir='ltr'>versu</span> <span class='ocrx_word' id='word_1_116' title='bbox 3018 1701 3277 1771; x_wconf 88' lang='lat' dir='ltr'>apparet,</span> <span class='ocrx_word' id='word_1_117' title='bbox 3302 1702 3438 1753; x_wconf 78' lang='lat' dir='ltr'>sunt</span> <span class='ocrx_word' id='word_1_118' title='bbox 3463 1690 3621 1752; x_wconf 84' lang='lat' dir='ltr'>enim</span> 
     </span>
     <span class='ocr_line' id='line_1_13' title="bbox 682 1807 3623 1901; baseline 0 -26"><span class='ocrx_word' id='word_1_119' title='bbox 682 1813 981 1875; x_wconf 83' lang='lat' dir='ltr'>vulnerata</span> <span class='ocrx_word' id='word_1_120' title='bbox 1009 1812 1196 1873; x_wconf 79' lang='lat' dir='ltr'>ventis</span> <span class='ocrx_word' id='word_1_121' title='bbox 1224 1824 1289 1871; x_wconf 91' lang='lat' dir='ltr'>ut</span> <span class='ocrx_word' id='word_1_122' title='bbox 1313 1811 1470 1871; x_wconf 87' lang='lat' dir='ltr'>inter</span> <span class='ocrx_word' id='word_1_123' title='bbox 1496 1807 1695 1871; x_wconf 87' lang='lat' dir='ltr'>oscula</span> <span class='ocrx_word' id='word_1_124' title='bbox 1719 1808 2131 1870; x_wconf 73' lang='lat' dir='ltr'>morsiunculis</span> <span class='ocrx_word' id='word_1_125' title='bbox 2159 1808 2308 1870; x_wconf 83' lang='lat' dir='ltr'>laesa</span> <span class='ocrx_word' id='word_1_126' title='bbox 2337 1809 2631 1871; x_wconf 90' lang='lat' dir='ltr'>dicuntur.</span> <span class='ocrx_word' id='word_1_127' title='bbox 2690 1808 2972 1872; x_wconf 89' lang='lat' dir='ltr'>Ceterum</span> <span class='ocrx_word' id='word_1_128' title='bbox 2997 1808 3264 1872; x_wconf 80' lang='lat' dir='ltr'>suffixum</span> <span class='ocrx_word' id='word_1_129' title='bbox 3288 1828 3409 1901; x_wconf 54' lang='grc' dir='ltr'><strong>Ἦ</strong></span> <span class='ocrx_word' id='word_1_130' title='bbox 3423 1810 3623 1894; x_wconf 88' lang='lat' dir='ltr'>paullo</span> 
     </span>
     <span class='ocr_line' id='line_1_14' title="bbox 676 1920 3623 2014; baseline -0 -21"><span class='ocrx_word' id='word_1_131' title='bbox 676 1944 812 1993; x_wconf 75' lang='lat' dir='ltr'>ante</span> <span class='ocrx_word' id='word_1_132' title='bbox 849 1932 1167 2013; x_wconf 85' lang='lat' dir='ltr'>usurpavit,</span> <span class='ocrx_word' id='word_1_133' title='bbox 1205 1931 1319 1991; x_wconf 90' lang='lat' dir='ltr'>h.l.</span> <span class='ocrx_word' id='word_1_134' title='bbox 1357 1930 1586 2011; x_wconf 78' lang='lat' dir='ltr'>plenius</span> <span class='ocrx_word' id='word_1_135' title='bbox 1623 1946 1743 2014; x_wconf 56' lang='lat' dir='ltr'>qn-cr.</span> <span class='ocrx_word' id='word_1_136' title='bbox 1823 1930 2088 1988; x_wconf 84' lang='lat' dir='ltr'>Verbum</span> <span class='ocrx_word' id='word_1_137' title='bbox 2127 1927 2379 2007; x_wconf 88' lang='lat' dir='ltr'>denique</span> <span class='ocrx_word' id='word_1_138' title='bbox 2417 1920 2679 1993; x_wconf 55' lang='lat' dir='ltr'>W</span> <span class='ocrx_word' id='word_1_139' title='bbox 2715 1929 3211 1992; x_wconf 82' lang='lat' dir='ltr'>denominativum</span> <span class='ocrx_word' id='word_1_140' title='bbox 3241 1945 3328 1992; x_wconf 90' lang='lat' dir='ltr'>est</span> <span class='ocrx_word' id='word_1_141' title='bbox 3368 1932 3623 2012; x_wconf 61' lang='lat' dir='ltr'>(cast.)</span> 
     </span>
     <span class='ocr_line' id='line_1_15' title="bbox 680 2042 3620 2134; baseline 0 -26"><span class='ocrx_word' id='word_1_142' title='bbox 680 2068 964 2124; x_wconf 80' lang='lat' dir='ltr'>tanquam</span> <span class='ocrx_word' id='word_1_143' title='bbox 1002 2067 1321 2106; x_wconf 80' lang='lat' dir='ltr'>amatorem</span> <span class='ocrx_word' id='word_1_144' title='bbox 1359 2071 1422 2104; x_wconf 80' lang='lat' dir='ltr'>se</span> <span class='ocrx_word' id='word_1_145' title='bbox 1459 2071 1651 2117; x_wconf 69' lang='lat' dir='ltr'>gerere</span> <span class='ocrx_word' id='word_1_146' title='bbox 1685 2062 1838 2108; x_wconf 60' lang='lat' dir='ltr'>W?</span> <span class='ocrx_word' id='word_1_147' title='bbox 1871 2061 1964 2134; x_wconf 51' lang='grc' dir='ltr'>ΕΞ</span> <span class='ocrx_word' id='word_1_148' title='bbox 1997 2042 2160 2108; x_wconf 56' lang='grc' dir='ltr'>ῑῐὲἷῗῐ</span> <span class='ocrx_word' id='word_1_149' title='bbox 2202 2065 2213 2104; x_wconf 88' lang='grc' dir='ltr'>Ι</span> <span class='ocrx_word' id='word_1_150' title='bbox 2296 2045 2614 2125; x_wconf 78' lang='lat' dir='ltr'>Hucusque</span> <span class='ocrx_word' id='word_1_151' title='bbox 2648 2047 2785 2105; x_wconf 77' lang='lat' dir='ltr'>anni</span> <span class='ocrx_word' id='word_1_152' title='bbox 2813 2058 3183 2126; x_wconf 74' lang='lat' dir='ltr'>tempestales</span> <span class='ocrx_word' id='word_1_153' title='bbox 3210 2069 3321 2107; x_wconf 71' lang='lat' dir='ltr'>una</span> <span class='ocrx_word' id='word_1_154' title='bbox 3351 2069 3482 2108; x_wconf 85' lang='lat' dir='ltr'>cum</span> <span class='ocrx_word' id='word_1_155' title='bbox 3510 2068 3620 2110; x_wconf 74' lang='lat' dir='ltr'>vo·</span> 
     </span>
     <span class='ocr_line' id='line_1_16' title="bbox 684 2129 3617 2249; baseline 0 -21"><span class='ocrx_word' id='word_1_156' title='bbox 684 2129 1000 2249; x_wconf 77' lang='lat' dir='ltr'>luptatibus</span> <span class='ocrx_word' id='word_1_157' title='bbox 1042 2166 1102 2225; x_wconf 93' lang='lat' dir='ltr'>in</span> <span class='ocrx_word' id='word_1_158' title='bbox 1143 2165 1211 2226; x_wconf 91' lang='lat' dir='ltr'>iis</span> <span class='ocrx_word' id='word_1_159' title='bbox 1250 2163 1642 2245; x_wconf 72' lang='lat' dir='ltr'>percipiendis</span> <span class='ocrx_word' id='word_1_160' title='bbox 1686 2162 1990 2242; x_wconf 80' lang='lat' dir='ltr'>descripsit</span> <span class='ocrx_word' id='word_1_161' title='bbox 2032 2173 2225 2242; x_wconf 87' lang='lat' dir='ltr'>poeta,</span> <span class='ocrx_word' id='word_1_162' title='bbox 2262 2162 2372 2223; x_wconf 86' lang='lat' dir='ltr'>iam</span> <span class='ocrx_word' id='word_1_163' title='bbox 2414 2183 2557 2224; x_wconf 78' lang='lat' dir='ltr'>vero</span> <span class='ocrx_word' id='word_1_164' title='bbox 2586 2162 2782 2247; x_wconf 84' lang='lat' dir='ltr'>pergit</span> <span class='ocrx_word' id='word_1_165' title='bbox 2818 2163 2875 2222; x_wconf 91' lang='lat' dir='ltr'>in</span> <span class='ocrx_word' id='word_1_166' title='bbox 2907 2163 2972 2224; x_wconf 89' lang='lat' dir='ltr'>iis</span> <span class='ocrx_word' id='word_1_167' title='bbox 3002 2163 3321 2225; x_wconf 82' lang='lat' dir='ltr'>indicandis</span> <span class='ocrx_word' id='word_1_168' title='bbox 3348 2184 3495 2246; x_wconf 83' lang='lat' dir='ltr'>quae</span> <span class='ocrx_word' id='word_1_169' title='bbox 3519 2164 3617 2228; x_wconf 79' lang='lat' dir='ltr'>vel</span> 
     </span>
     <span class='ocr_line' id='line_1_17' title="bbox 684 2281 3614 2371; baseline 0 -23"><span class='ocrx_word' id='word_1_170' title='bbox 684 2288 1016 2371; x_wconf 82' lang='lat' dir='ltr'>peragenda</span> <span class='ocrx_word' id='word_1_171' title='bbox 1043 2284 1139 2347; x_wconf 84' lang='lat' dir='ltr'>vel</span> <span class='ocrx_word' id='word_1_172' title='bbox 1170 2283 1552 2365; x_wconf 88' lang='lat' dir='ltr'>relinquenda</span> <span class='ocrx_word' id='word_1_173' title='bbox 1574 2283 1708 2359; x_wconf 87' lang='lat' dir='ltr'>sint,</span> <span class='ocrx_word' id='word_1_174' title='bbox 1733 2282 1856 2344; x_wconf 81' lang='lat' dir='ltr'>sive</span> <span class='ocrx_word' id='word_1_175' title='bbox 1881 2283 2075 2364; x_wconf 91' lang='lat' dir='ltr'>potius</span> <span class='ocrx_word' id='word_1_176' title='bbox 2103 2281 2161 2343; x_wconf 94' lang='lat' dir='ltr'>in</span> <span class='ocrx_word' id='word_1_177' title='bbox 2193 2296 2494 2364; x_wconf 86' lang='lat' dir='ltr'>utramque</span> <span class='ocrx_word' id='word_1_178' title='bbox 2521 2295 2743 2365; x_wconf 86' lang='lat' dir='ltr'>partem</span> <span class='ocrx_word' id='word_1_179' title='bbox 2773 2284 3102 2347; x_wconf 77' lang='lat' dir='ltr'>considerat</span> <span class='ocrx_word' id='word_1_180' title='bbox 3128 2306 3411 2362; x_wconf 88' lang='lat' dir='ltr'>amorem,</span> <span class='ocrx_word' id='word_1_181' title='bbox 3439 2306 3614 2368; x_wconf 89' lang='lat' dir='ltr'>quem</span> 
     </span>
     <span class='ocr_line' id='line_1_18' title="bbox 686 2403 3613 2488; baseline 0 -20"><span class='ocrx_word' id='word_1_182' title='bbox 686 2407 735 2469; x_wconf 88' lang='lat' dir='ltr'>si</span> <span class='ocrx_word' id='word_1_183' title='bbox 777 2408 1170 2468; x_wconf 89' lang='lat' dir='ltr'>condemnare</span> <span class='ocrx_word' id='word_1_184' title='bbox 1211 2405 1398 2467; x_wconf 79' lang='lat' dir='ltr'>velint</span> <span class='ocrx_word' id='word_1_185' title='bbox 1436 2405 1744 2486; x_wconf 79' lang='lat' dir='ltr'>sapientes,</span> <span class='ocrx_word' id='word_1_186' title='bbox 1783 2403 2066 2465; x_wconf 92' lang='lat' dir='ltr'>continuo</span> <span class='ocrx_word' id='word_1_187' title='bbox 2106 2403 2334 2485; x_wconf 87' lang='lat' dir='ltr'>pietatis</span> <span class='ocrx_word' id='word_1_188' title='bbox 2362 2405 2510 2465; x_wconf 79' lang='lat' dir='ltr'>viam</span> <span class='ocrx_word' id='word_1_189' title='bbox 2538 2423 2662 2465; x_wconf 86' lang='lat' dir='ltr'>esse</span> <span class='ocrx_word' id='word_1_190' title='bbox 2690 2404 3034 2488; x_wconf 79' lang='lat' dir='ltr'>eligendam.</span> <span class='ocrx_word' id='word_1_191' title='bbox 3109 2406 3279 2467; x_wconf 82' lang='lat' dir='ltr'>Nova</span> <span class='ocrx_word' id='word_1_192' title='bbox 3306 2405 3613 2488; x_wconf 78' lang='lat' dir='ltr'>inscriptio</span> 
     </span>
     <span class='ocr_line' id='line_1_19' title="bbox 685 2522 3617 2616; baseline -0.001 -29"><span class='ocrx_word' id='word_1_193' title='bbox 685 2547 965 2606; x_wconf 80' lang='lat' dir='ltr'>nusquam</span> <span class='ocrx_word' id='word_1_194' title='bbox 1011 2537 1328 2606; x_wconf 86' lang='lat' dir='ltr'>comparet,</span> <span class='ocrx_word' id='word_1_195' title='bbox 1364 2523 1716 2584; x_wconf 74' lang='lat' dir='ltr'>scholiastes</span> <span class='ocrx_word' id='word_1_196' title='bbox 1755 2536 1945 2583; x_wconf 86' lang='lat' dir='ltr'>autem</span> <span class='ocrx_word' id='word_1_197' title='bbox 1975 2534 2174 2583; x_wconf 80' lang='lat' dir='ltr'>versus</span> <span class='ocrx_word' id='word_1_198' title='bbox 2199 2535 2508 2604; x_wconf 86' lang='lat' dir='ltr'>sequentes</span> <span class='ocrx_word' id='word_1_199' title='bbox 2531 2523 2855 2584; x_wconf 87' lang='lat' dir='ltr'>introducit</span> <span class='ocrx_word' id='word_1_200' title='bbox 2887 2524 2974 2585; x_wconf 87' lang='lat' dir='ltr'>his</span> <span class='ocrx_word' id='word_1_201' title='bbox 3001 2524 3220 2586; x_wconf 74' lang='lat' dir='ltr'>verbis:</span> <span class='ocrx_word' id='word_1_202' title='bbox 3254 2522 3366 2616; x_wconf 53' lang='grc' dir='ltr'>ζῆ·</span> <span class='ocrx_word' id='word_1_203' title='bbox 3387 2523 3617 2592; x_wconf 63' lang='grc' dir='ltr'>’πῆ-πή</span> 
     </span>
     <span class='ocr_line' id='line_1_20' title="bbox 683 2627 3607 2733; baseline -0.001 -27"><span class='ocrx_word' id='word_1_204' title='bbox 683 2627 3607 2733; x_wconf 53' lang='lat' dir='ltr'>&amp;uffissmuwzamfflffiznazffiuffiwimrffrwmffiaffiwnfflmffin</span> 
     </span>
     <span class='ocr_line' id='line_1_21' title="bbox 684 2757 3253 2851; baseline 0 -20"><span class='ocrx_word' id='word_1_205' title='bbox 684 2778 850 2851; x_wconf 65' lang='lat' dir='ltr'>ugtu</span> <span class='ocrx_word' id='word_1_206' title='bbox 879 2757 1275 2832; x_wconf 52' lang='lat' dir='ltr'>manem&amp;</span> <span class='ocrx_word' id='word_1_207' title='bbox 1313 2779 1339 2821; x_wconf 81' lang='grc' dir='ltr'>ι·</span> <span class='ocrx_word' id='word_1_208' title='bbox 2884 2767 2892 2773; x_wconf 81' lang='grc'><strong>’</strong></span> <span class='ocrx_word' id='word_1_209' title='bbox 3247 2779 3253 2786; x_wconf 95' lang='grc'><em>·</em></span> 
     </span>
    </p>

    <p class='ocr_par' dir='ltr' id='par_1_8' title="bbox 676 2872 3640 3778">
     <span class='ocr_line' id='line_1_22' title="bbox 689 2872 3615 2959; baseline -0 -19"><span class='ocrx_word' id='word_1_210' title='bbox 689 2879 889 2940; x_wconf 83' lang='lat' dir='ltr'>Verba</span> <span class='ocrx_word' id='word_1_211' title='bbox 921 2880 1054 2940; x_wconf 89' lang='lat' dir='ltr'>satis</span> <span class='ocrx_word' id='word_1_212' title='bbox 1091 2890 1226 2939; x_wconf 87' lang='lat' dir='ltr'>sunt</span> <span class='ocrx_word' id='word_1_213' title='bbox 1264 2877 1588 2959; x_wconf 86' lang='lat' dir='ltr'>perspicua,</span> <span class='ocrx_word' id='word_1_214' title='bbox 1622 2888 1856 2958; x_wconf 88' lang='lat' dir='ltr'>praeter</span> <span class='ocrx_word' id='word_1_215' title='bbox 1891 2875 2130 2938; x_wconf 88' lang='lat' dir='ltr'>unicum</span> <span class='ocrx_word' id='word_1_216' title='bbox 2166 2872 2349 2958; x_wconf 61' lang='grc' dir='ltr'>ηῆτπ</span> <span class='ocrx_word' id='word_1_217' title='bbox 2382 2884 2744 2950; x_wconf 70' lang='lat' dir='ltr'>magnitudo,</span> <span class='ocrx_word' id='word_1_218' title='bbox 2778 2885 3065 2952; x_wconf 60' lang='lat' dir='ltr'>superbia,</span> <span class='ocrx_word' id='word_1_219' title='bbox 3102 2878 3262 2959; x_wconf 91' lang='lat' dir='ltr'>quod</span> <span class='ocrx_word' id='word_1_220' title='bbox 3288 2886 3615 2939; x_wconf 65' lang='lat' dir='ltr'>inclinatio-</span> 
     </span>
     <span class='ocr_line' id='line_1_23' title="bbox 681 2996 3640 3084; baseline 0 -25"><span class='ocrx_word' id='word_1_221' title='bbox 681 3023 833 3069; x_wconf 82' lang='lat' dir='ltr'>nem,</span> <span class='ocrx_word' id='word_1_222' title='bbox 884 3012 1004 3062; x_wconf 89' lang='lat' dir='ltr'>tota</span> <span class='ocrx_word' id='word_1_223' title='bbox 1046 2998 1332 3061; x_wconf 82' lang='lat' dir='ltr'>sententia</span> <span class='ocrx_word' id='word_1_224' title='bbox 1371 2997 1672 3074; x_wconf 83' lang='lat' dir='ltr'>suadente,</span> <span class='ocrx_word' id='word_1_225' title='bbox 1708 2996 2006 3059; x_wconf 79' lang='lat' dir='ltr'>vertimus.</span> <span class='ocrx_word' id='word_1_226' title='bbox 2086 2996 2615 3079; x_wconf 85' lang='lat' dir='ltr'>Superciliosorum</span> <span class='ocrx_word' id='word_1_227' title='bbox 2654 2997 2959 3061; x_wconf 90' lang='lat' dir='ltr'>hominum</span> <span class='ocrx_word' id='word_1_228' title='bbox 3006 2997 3212 3061; x_wconf 78' lang='lat' dir='ltr'>fastum</span> <span class='ocrx_word' id='word_1_229' title='bbox 3254 2999 3640 3084; x_wconf 66' lang='lat' dir='ltr'>perstringit,“</span> 
     </span>
     <span class='ocr_line' id='line_1_24' title="bbox 682 3117 3611 3202; baseline 0 -20"><span class='ocrx_word' id='word_1_230' title='bbox 682 3120 784 3202; x_wconf 91' lang='lat' dir='ltr'>qui</span> <span class='ocrx_word' id='word_1_231' title='bbox 824 3141 1053 3182; x_wconf 86' lang='lat' dir='ltr'>amores</span> <span class='ocrx_word' id='word_1_232' title='bbox 1092 3140 1374 3201; x_wconf 88' lang='lat' dir='ltr'>spernere</span> <span class='ocrx_word' id='word_1_233' title='bbox 1416 3119 1652 3200; x_wconf 92' lang='lat' dir='ltr'>quidem</span> <span class='ocrx_word' id='word_1_234' title='bbox 1694 3118 2044 3200; x_wconf 85' lang='lat' dir='ltr'>profitentur</span> <span class='ocrx_word' id='word_1_235' title='bbox 2078 3118 2179 3179; x_wconf 89' lang='lat' dir='ltr'>sed</span> <span class='ocrx_word' id='word_1_236' title='bbox 2207 3117 2583 3181; x_wconf 85' lang='lat' dir='ltr'>nihilosecius</span> <span class='ocrx_word' id='word_1_237' title='bbox 2609 3119 2883 3180; x_wconf 88' lang='lat' dir='ltr'>mulieres</span> <span class='ocrx_word' id='word_1_238' title='bbox 2907 3128 3204 3179; x_wconf 84' lang='lat' dir='ltr'>sectantur</span> <span class='ocrx_word' id='word_1_239' title='bbox 3231 3119 3341 3199; x_wconf 84' lang='lat' dir='ltr'>(cs.</span> <span class='ocrx_word' id='word_1_240' title='bbox 3365 3121 3611 3201; x_wconf 60' lang='lat' dir='ltr'>xrs-62.)-</span> 
     </span>
     <span class='ocr_line' id='line_1_25' title="bbox 682 3237 3613 3323; baseline 0 -22"><span class='ocrx_word' id='word_1_241' title='bbox 682 3241 904 3302; x_wconf 85' lang='lat' dir='ltr'>Textus</span> <span class='ocrx_word' id='word_1_242' title='bbox 943 3240 1102 3323; x_wconf 82' lang='lat' dir='ltr'>vulg.</span> <span class='ocrx_word' id='word_1_243' title='bbox 1141 3239 1202 3299; x_wconf 92' lang='lat' dir='ltr'>in</span> <span class='ocrx_word' id='word_1_244' title='bbox 1235 3239 1433 3320; x_wconf 91' lang='lat' dir='ltr'>primis</span> <span class='ocrx_word' id='word_1_245' title='bbox 1459 3238 1654 3300; x_wconf 82' lang='lat' dir='ltr'>verbis</span> <span class='ocrx_word' id='word_1_246' title='bbox 1682 3239 1923 3300; x_wconf 91' lang='lat' dir='ltr'>omnino</span> <span class='ocrx_word' id='word_1_247' title='bbox 1954 3250 2263 3321; x_wconf 86' lang='lat' dir='ltr'>corruptus</span> <span class='ocrx_word' id='word_1_248' title='bbox 2292 3250 2353 3300; x_wconf 91' lang='lat' dir='ltr'>et</span> <span class='ocrx_word' id='word_1_249' title='bbox 2378 3249 2568 3302; x_wconf 83' lang='lat' dir='ltr'>metro</span> <span class='ocrx_word' id='word_1_250' title='bbox 2596 3238 2920 3301; x_wconf 87' lang='lat' dir='ltr'>contrarius</span> <span class='ocrx_word' id='word_1_251' title='bbox 2946 3237 3437 3320; x_wconf 86' lang='lat' dir='ltr'>deprehenditur;</span> <span class='ocrx_word' id='word_1_252' title='bbox 3474 3260 3613 3303; x_wconf 88' lang='lat' dir='ltr'>cor-</span> 
     </span>
     <span class='ocr_line' id='line_1_26' title="bbox 684 3357 3611 3429; baseline -0 -7"><span class='ocrx_word' id='word_1_253' title='bbox 684 3361 980 3423; x_wconf 85' lang='lat' dir='ltr'>rectiones</span> <span class='ocrx_word' id='word_1_254' title='bbox 1018 3371 1251 3422; x_wconf 88' lang='lat' dir='ltr'>nostrae</span> <span class='ocrx_word' id='word_1_255' title='bbox 1293 3360 1581 3420; x_wconf 80' lang='lat' dir='ltr'>Mstorum</span> <span class='ocrx_word' id='word_1_256' title='bbox 1623 3360 1968 3421; x_wconf 87' lang='lat' dir='ltr'>auctoritate</span> <span class='ocrx_word' id='word_1_257' title='bbox 2009 3360 2294 3420; x_wconf 88' lang='lat' dir='ltr'>nituntur.</span> <span class='ocrx_word' id='word_1_258' title='bbox 2373 3358 2660 3420; x_wconf 77' lang='lat' dir='ltr'>Voculam</span> <span class='ocrx_word' id='word_1_259' title='bbox 2690 3375 2806 3429; x_wconf 66' lang='lat' dir='ltr'>m</span> <span class='ocrx_word' id='word_1_260' title='bbox 2845 3357 3052 3419; x_wconf 90' lang='lat' dir='ltr'>Schol.</span> <span class='ocrx_word' id='word_1_261' title='bbox 3082 3357 3295 3419; x_wconf 85' lang='lat' dir='ltr'>diserte</span> <span class='ocrx_word' id='word_1_262' title='bbox 3324 3357 3611 3421; x_wconf 76' lang='lat' dir='ltr'>dissolvitz</span> 
     </span>
     <span class='ocr_line' id='line_1_27' title="bbox 678 3476 3611 3570; baseline 0 -31"><span class='ocrx_word' id='word_1_263' title='bbox 678 3495 768 3570; x_wconf 68' lang='grc' dir='ltr'>σζ</span> <span class='ocrx_word' id='word_1_264' title='bbox 798 3495 995 3563; x_wconf 58' lang='lat' dir='ltr'>m</span> <span class='ocrx_word' id='word_1_265' title='bbox 1009 3494 1249 3567; x_wconf 58' lang='lat' dir='ltr'>W</span> <span class='ocrx_word' id='word_1_266' title='bbox 1273 3493 1350 3539; x_wconf 73' lang='grc' dir='ltr'>ΞΤ</span> <span class='ocrx_word' id='word_1_267' title='bbox 1383 3477 1641 3556; x_wconf 85' lang='lat' dir='ltr'>pertinet</span> <span class='ocrx_word' id='word_1_268' title='bbox 1667 3478 1820 3538; x_wconf 93' lang='lat' dir='ltr'>enim</span> <span class='ocrx_word' id='word_1_269' title='bbox 1848 3477 1919 3536; x_wconf 87' lang='lat' dir='ltr'>ad</span> <span class='ocrx_word' id='word_1_270' title='bbox 1945 3497 2281 3538; x_wconf 82' lang='lat' dir='ltr'>sermonem</span> <span class='ocrx_word' id='word_1_271' title='bbox 2306 3487 2639 3537; x_wconf 87' lang='lat' dir='ltr'>sanctorum</span> <span class='ocrx_word' id='word_1_272' title='bbox 2671 3489 2732 3537; x_wconf 90' lang='lat' dir='ltr'>et</span> <span class='ocrx_word' id='word_1_273' title='bbox 2756 3477 3043 3537; x_wconf 78' lang='lat' dir='ltr'>rationein</span> <span class='ocrx_word' id='word_1_274' title='bbox 3070 3476 3229 3537; x_wconf 87' lang='lat' dir='ltr'>addit</span> <span class='ocrx_word' id='word_1_275' title='bbox 3251 3498 3358 3537; x_wconf 93' lang='lat' dir='ltr'>cur</span> <span class='ocrx_word' id='word_1_276' title='bbox 3381 3496 3611 3539; x_wconf 81' lang='lat' dir='ltr'>amores</span> 
     </span>
     <span class='ocr_line' id='line_1_28' title="bbox 676 3588 3610 3677; baseline 0 -19"><span class='ocrx_word' id='word_1_277' title='bbox 676 3598 795 3658; x_wconf 85' lang='lat' dir='ltr'>sint</span> <span class='ocrx_word' id='word_1_278' title='bbox 832 3596 1070 3657; x_wconf 81' lang='lat' dir='ltr'>vitandi.</span> <span class='ocrx_word' id='word_1_279' title='bbox 1146 3594 1504 3658; x_wconf 86' lang='lat' dir='ltr'>Inseruimus</span> <span class='ocrx_word' id='word_1_280' title='bbox 1539 3594 1799 3656; x_wconf 82' lang='lat' dir='ltr'>versioni</span> <span class='ocrx_word' id='word_1_281' title='bbox 1835 3603 2107 3654; x_wconf 75' lang='lat' dir='ltr'>adversus</span> <span class='ocrx_word' id='word_1_282' title='bbox 2145 3602 2431 3663; x_wconf 79' lang='lat' dir='ltr'>mulieres,</span> <span class='ocrx_word' id='word_1_283' title='bbox 2469 3593 2672 3657; x_wconf 82' lang='lat' dir='ltr'>Schol.</span> <span class='ocrx_word' id='word_1_284' title='bbox 2695 3612 2850 3660; x_wconf 54' lang='lat' dir='ltr'>emm</span> <span class='ocrx_word' id='word_1_285' title='bbox 2878 3590 3051 3677; x_wconf 57' lang='grc' dir='ltr'><strong>Γῌῑπι</strong></span> <span class='ocrx_word' id='word_1_286' title='bbox 3086 3608 3152 3657; x_wconf 89' lang='lat' dir='ltr'>ut</span> <span class='ocrx_word' id='word_1_287' title='bbox 3175 3588 3460 3659; x_wconf 78' lang='lat' dir='ltr'>sententia</span> <span class='ocrx_word' id='word_1_288' title='bbox 3489 3595 3610 3659; x_wconf 75' lang='lat' dir='ltr'>cla·</span> 
     </span>
     <span class='ocr_line' id='line_1_29' title="bbox 677 3716 1018 3778; baseline 0 0"><span class='ocrx_word' id='word_1_289' title='bbox 677 3716 803 3778; x_wconf 86' lang='lat' dir='ltr'>rior</span> <span class='ocrx_word' id='word_1_290' title='bbox 830 3718 1018 3778; x_wconf 81' lang='lat' dir='ltr'>fieret.</span> 
     </span>
    </p>

    <p class='ocr_par' dir='ltr' id='par_1_9' title="bbox 679 3813 3611 4035">
     <span class='ocr_line' id='line_1_30' title="bbox 679 3813 3611 3915; baseline 0 -20"><span class='ocrx_word' id='word_1_291' title='bbox 679 3837 842 3897; x_wconf 88' lang='lat' dir='ltr'>Idem</span> <span class='ocrx_word' id='word_1_292' title='bbox 883 3838 1076 3896; x_wconf 86' lang='lat' dir='ltr'>thema</span> <span class='ocrx_word' id='word_1_293' title='bbox 1112 3834 1366 3895; x_wconf 85' lang='lat' dir='ltr'>variatur</span> <span class='ocrx_word' id='word_1_294' title='bbox 1392 3833 1544 3894; x_wconf 84' lang='lat' dir='ltr'>iuxta</span> <span class='ocrx_word' id='word_1_295' title='bbox 1572 3855 1837 3896; x_wconf 88' lang='lat' dir='ltr'>normam</span> <span class='ocrx_word' id='word_1_296' title='bbox 1864 3832 2253 3895; x_wconf 81' lang='lat' dir='ltr'>Anacreontis</span> <span class='ocrx_word' id='word_1_297' title='bbox 2281 3834 2427 3913; x_wconf 75' lang='lat'><strong>(36):</strong></span> <span class='ocrx_word' id='word_1_298' title='bbox 2464 3816 2535 3896; x_wconf 71' lang='lat' dir='ltr'>‘rt&#39;</span> <span class='ocrx_word' id='word_1_299' title='bbox 2559 3850 2643 3912; x_wconf 85' lang='grc' dir='ltr'>με</span> <span class='ocrx_word' id='word_1_300' title='bbox 2674 3814 2789 3899; x_wconf 59' lang='grc' dir='ltr'>τὶς</span> <span class='ocrx_word' id='word_1_301' title='bbox 2822 3813 3013 3912; x_wconf 72' lang='grc' dir='ltr'>νὸμκς</span> <span class='ocrx_word' id='word_1_302' title='bbox 3046 3814 3402 3910; x_wconf 64' lang='grc' dir='ltr'>διδάσκεις-ς</span> <span class='ocrx_word' id='word_1_303' title='bbox 3434 3826 3611 3915; x_wconf 69' lang='grc' dir='ltr'><strong>μᾶλ-</strong></span> 
     </span>
     <span class='ocr_line' id='line_1_31' title="bbox 681 3937 3610 4035; baseline 0.001 -21"><span class='ocrx_word' id='word_1_304' title='bbox 681 3955 793 4015; x_wconf 86' lang='grc' dir='ltr'>λον</span> <span class='ocrx_word' id='word_1_305' title='bbox 820 3938 1088 4015; x_wconf 69' lang='grc' dir='ltr'><em>δίδασκε</em></span> <span class='ocrx_word' id='word_1_306' title='bbox 1118 3937 1386 4031; x_wconf 70' lang='grc' dir='ltr'>παίζειν,</span> <span class='ocrx_word' id='word_1_307' title='bbox 1421 3952 1544 4014; x_wconf 86' lang='lat' dir='ltr'>scil.</span> <span class='ocrx_word' id='word_1_308' title='bbox 1574 3966 1748 4033; x_wconf 92' lang='lat' dir='ltr'>poeta</span> <span class='ocrx_word' id='word_1_309' title='bbox 1777 3952 2089 4013; x_wconf 85' lang='lat' dir='ltr'>discrimen</span> <span class='ocrx_word' id='word_1_310' title='bbox 2117 3953 2314 4014; x_wconf 78' lang='lat' dir='ltr'>statuit</span> <span class='ocrx_word' id='word_1_311' title='bbox 2339 3953 2495 4013; x_wconf 88' lang='lat' dir='ltr'>inter</span> <span class='ocrx_word' id='word_1_312' title='bbox 2521 3952 2694 4012; x_wconf 83' lang='lat' dir='ltr'>vitam</span> <span class='ocrx_word' id='word_1_313' title='bbox 2720 3965 3025 4027; x_wconf 83' lang='lat' dir='ltr'>austeram,</span> <span class='ocrx_word' id='word_1_314' title='bbox 3053 3975 3221 4033; x_wconf 91' lang='lat' dir='ltr'>quam</span> <span class='ocrx_word' id='word_1_315' title='bbox 3250 3952 3610 4035; x_wconf 82' lang='lat' dir='ltr'>philosophis</span> 
     </span>
    </p>
   </div>
   <div class='ocr_carea' id='block_1_8' title="bbox 682 4068 3659 4150">
    <p class='ocr_par' dir='ltr' id='par_1_10' title="bbox 682 4068 3659 4150">
     <span class='ocr_line' id='line_1_32' title="bbox 682 4068 3659 4150; baseline 0 -20"><span class='ocrx_word' id='word_1_316' title='bbox 682 4070 1048 4130; x_wconf 66' lang='lat' dir='ltr'>Vedzlntinae</span> <span class='ocrx_word' id='word_1_317' title='bbox 1084 4070 1320 4130; x_wconf 86' lang='lat' dir='ltr'>scholae</span> <span class='ocrx_word' id='word_1_318' title='bbox 1356 4069 1658 4147; x_wconf 88' lang='lat' dir='ltr'>adscriptis</span> <span class='ocrx_word' id='word_1_319' title='bbox 1694 4069 1975 4147; x_wconf 86' lang='lat' dir='ltr'>relinquit</span> <span class='ocrx_word' id='word_1_320' title='bbox 2010 4082 2071 4128; x_wconf 91' lang='lat' dir='ltr'>et</span> <span class='ocrx_word' id='word_1_321' title='bbox 2108 4069 2262 4129; x_wconf 92' lang='lat' dir='ltr'>inter</span> <span class='ocrx_word' id='word_1_322' title='bbox 2292 4069 2504 4129; x_wconf 88' lang='lat' dir='ltr'>amoris</span> <span class='ocrx_word' id='word_1_323' title='bbox 2535 4068 2959 4129; x_wconf 85' lang='lat' dir='ltr'>oblectamenta</span> <span class='ocrx_word' id='word_1_324' title='bbox 2990 4071 3177 4149; x_wconf 88' lang='lat' dir='ltr'>qualia</span> <span class='ocrx_word' id='word_1_325' title='bbox 3205 4082 3411 4150; x_wconf 89' lang='lat' dir='ltr'>poetae</span> <span class='ocrx_word' id='word_1_326' title='bbox 3438 4091 3611 4149; x_wconf 84' lang='lat' dir='ltr'>prae-</span> <span class='ocrx_word' id='word_1_327' title='bbox 3642 4082 3659 4099; x_wconf 79' lang='lat'><em>⁶</em></span> 
     </span>
    </p>
   </div>
   <div class='ocr_carea' id='block_1_9' title="bbox 588 4184 3611 4281">
    <p class='ocr_par' dir='ltr' id='par_1_11' title="bbox 588 4184 3611 4281">
     <span class='ocr_line' id='line_1_33' title="bbox 588 4184 3611 4281; baseline -0 -35"><span class='ocrx_word' id='word_1_328' title='bbox 588 4209 591 4211; x_wconf 92' lang='lat'>·</span> <span class='ocrx_word' id='word_1_329' title='bbox 682 4186 927 4268; x_wconf 85' lang='lat' dir='ltr'>cipiunt.</span> <span class='ocrx_word' id='word_1_330' title='bbox 1004 4186 1263 4246; x_wconf 83' lang='lat' dir='ltr'>Illustrat</span> <span class='ocrx_word' id='word_1_331' title='bbox 1304 4186 1484 4267; x_wconf 84' lang='lat' dir='ltr'>igitur</span> <span class='ocrx_word' id='word_1_332' title='bbox 1520 4184 1807 4245; x_wconf 87' lang='lat' dir='ltr'>sententia</span> <span class='ocrx_word' id='word_1_333' title='bbox 1846 4206 2077 4247; x_wconf 79' lang='lat' dir='ltr'>versum</span> <span class='ocrx_word' id='word_1_334' title='bbox 2120 4186 2553 4266; x_wconf 90' lang='lat' dir='ltr'>quodammodo</span> <span class='ocrx_word' id='word_1_335' title='bbox 2593 4187 3060 4263; x_wconf 88' lang='lat' dir='ltr'>antecedentem,</span> <span class='ocrx_word' id='word_1_336' title='bbox 3112 4199 3172 4247; x_wconf 91' lang='lat' dir='ltr'>et</span> <span class='ocrx_word' id='word_1_337' title='bbox 3210 4185 3478 4266; x_wconf 84' lang='lat' dir='ltr'>quodibi</span> <span class='ocrx_word' id='word_1_338' title='bbox 3513 4203 3611 4281; x_wconf 53' lang='grc' dir='ltr'>ετξ</span> 
     </span>
    </p>
   </div>
   <div class='ocr_carea' id='block_1_10' title="bbox 682 4292 3610 4874">
    <p class='ocr_par' dir='ltr' id='par_1_12' title="bbox 682 4292 3610 4874">
     <span class='ocr_line' id='line_1_34' title="bbox 686 4292 3610 4388; baseline 0.001 -22"><span class='ocrx_word' id='word_1_339' title='bbox 686 4315 921 4373; x_wconf 75' lang='lat' dir='ltr'>veritas.</span> <span class='ocrx_word' id='word_1_340' title='bbox 973 4304 1090 4365; x_wconf 89' lang='lat' dir='ltr'>h.l.</span> <span class='ocrx_word' id='word_1_341' title='bbox 1135 4317 1218 4366; x_wconf 87' lang='lat' dir='ltr'>est</span> <span class='ocrx_word' id='word_1_342' title='bbox 1254 4292 1441 4383; x_wconf 65' lang='grc' dir='ltr'>ὲῖξῐτὲῐ</span> <span class='ocrx_word' id='word_1_343' title='bbox 1480 4304 1553 4364; x_wconf 89' lang='lat' dir='ltr'>de</span> <span class='ocrx_word' id='word_1_344' title='bbox 1595 4326 1714 4386; x_wconf 86' lang='lat' dir='ltr'>quo</span> <span class='ocrx_word' id='word_1_345' title='bbox 1756 4306 1829 4367; x_wconf 82' lang='lat' dir='ltr'>ad</span> <span class='ocrx_word' id='word_1_346' title='bbox 1875 4312 2462 4366; x_wconf 64' lang='lat' dir='ltr'>Wmhkchmmmum</span> <span class='ocrx_word' id='word_1_347' title='bbox 2504 4305 2813 4388; x_wconf 88' lang='lat' dir='ltr'>(Sancara)</span> <span class='ocrx_word' id='word_1_348' title='bbox 2856 4306 3031 4367; x_wconf 83' lang='lat' dir='ltr'>instar</span> <span class='ocrx_word' id='word_1_349' title='bbox 3073 4306 3331 4368; x_wconf 91' lang='lat' dir='ltr'>omnium</span> <span class='ocrx_word' id='word_1_350' title='bbox 3374 4304 3610 4368; x_wconf 85' lang='lat' dir='ltr'>laudare</span> 
     </span>
     <span class='ocr_line' id='line_1_35' title="bbox 682 4407 3609 4517; baseline 0 -27"><span class='ocrx_word' id='word_1_351' title='bbox 682 4427 921 4490; x_wconf 81' lang='lat' dir='ltr'>sufficit.</span> <span class='ocrx_word' id='word_1_352' title='bbox 988 4426 1263 4508; x_wconf 88' lang='lat' dir='ltr'>Particip.</span> <span class='ocrx_word' id='word_1_353' title='bbox 1287 4443 1507 4517; x_wconf 50' lang='lat'>8330</span> <span class='ocrx_word' id='word_1_354' title='bbox 1531 4448 1638 4508; x_wconf 90' lang='lat' dir='ltr'>per</span> <span class='ocrx_word' id='word_1_355' title='bbox 1663 4407 1723 4488; x_wconf 70' lang='grc' dir='ltr'>ἓν</span> <span class='ocrx_word' id='word_1_356' title='bbox 1753 4408 1858 4489; x_wconf 67' lang='grc' dir='ltr'>διὰ</span> <span class='ocrx_word' id='word_1_357' title='bbox 1882 4410 2046 4490; x_wconf 54' lang='lat' dir='ltr'>&amp;miv</span> <span class='ocrx_word' id='word_1_358' title='bbox 2074 4428 2144 4489; x_wconf 86' lang='lat' dir='ltr'>ad</span> <span class='ocrx_word' id='word_1_359' title='bbox 2175 4429 2292 4489; x_wconf 89' lang='lat' dir='ltr'>duo</span> <span class='ocrx_word' id='word_1_360' title='bbox 2323 4427 2613 4490; x_wconf 86' lang='lat' dir='ltr'>enuntiata</span> <span class='ocrx_word' id='word_1_361' title='bbox 2643 4427 2897 4510; x_wconf 88' lang='lat' dir='ltr'>pertinet</span> <span class='ocrx_word' id='word_1_362' title='bbox 2921 4427 2968 4489; x_wconf 88' lang='lat' dir='ltr'>si</span> <span class='ocrx_word' id='word_1_363' title='bbox 2997 4428 3241 4489; x_wconf 79' lang='lat' dir='ltr'>verbum</span> <span class='ocrx_word' id='word_1_364' title='bbox 3268 4425 3609 4491; x_wconf 73' lang='lat' dir='ltr'>substantiv-</span> 
     </span>
     <span class='ocr_line' id='line_1_36' title="bbox 682 4546 3608 4641; baseline -0.001 -28"><span class='ocrx_word' id='word_1_365' title='bbox 682 4549 940 4633; x_wconf 78' lang='lat' dir='ltr'>supples.</span> <span class='ocrx_word' id='word_1_366' title='bbox 992 4582 1074 4596; x_wconf 91' lang='lat'>—</span> <span class='ocrx_word' id='word_1_367' title='bbox 1120 4566 1236 4641; x_wconf 57' lang='grc' dir='ltr'>ψῃ</span> <span class='ocrx_word' id='word_1_368' title='bbox 1276 4569 1344 4608; x_wconf 83' lang='lat' dir='ltr'>ex</span> <span class='ocrx_word' id='word_1_369' title='bbox 1371 4560 1556 4624; x_wconf 55' lang='lat' dir='ltr'>vast.</span> <span class='ocrx_word' id='word_1_370' title='bbox 1597 4548 1658 4608; x_wconf 84' lang='lat' dir='ltr'>i&#39;n</span> <span class='ocrx_word' id='word_1_371' title='bbox 1690 4546 1843 4610; x_wconf 88' lang='lat' dir='ltr'>hunc</span> <span class='ocrx_word' id='word_1_372' title='bbox 1872 4549 2067 4611; x_wconf 89' lang='lat' dir='ltr'>denuo</span> <span class='ocrx_word' id='word_1_373' title='bbox 2098 4549 2414 4632; x_wconf 79' lang='lat' dir='ltr'>irrepsitin</span> <span class='ocrx_word' id='word_1_374' title='bbox 2443 4550 2598 4611; x_wconf 84' lang='lat' dir='ltr'>Edit.</span> <span class='ocrx_word' id='word_1_375' title='bbox 2620 4551 2713 4611; x_wconf 88' lang='lat' dir='ltr'>Sr.</span> <span class='ocrx_word' id='word_1_376' title='bbox 2742 4549 2988 4634; x_wconf 85' lang='lat' dir='ltr'>legimus</span> <span class='ocrx_word' id='word_1_377' title='bbox 3012 4565 3127 4640; x_wconf 59' lang='lat' dir='ltr'>mg</span> <span class='ocrx_word' id='word_1_378' title='bbox 3157 4559 3225 4610; x_wconf 81' lang='lat' dir='ltr'>ex&#39;</span> <span class='ocrx_word' id='word_1_379' title='bbox 3254 4546 3608 4624; x_wconf 72' lang='lat' dir='ltr'>codd.A.c</span> 
     </span>
     <span class='ocr_line' id='line_1_37' title="bbox 688 4666 3610 4754; baseline -0.001 -20"><span class='ocrx_word' id='word_1_380' title='bbox 688 4685 750 4734; x_wconf 88' lang='lat' dir='ltr'>et</span> <span class='ocrx_word' id='word_1_381' title='bbox 774 4667 980 4732; x_wconf 90' lang='lat' dir='ltr'>Schol.</span> <span class='ocrx_word' id='word_1_382' title='bbox 1028 4703 1108 4716; x_wconf 91' lang='lat'>—</span> <span class='ocrx_word' id='word_1_383' title='bbox 1155 4668 1479 4751; x_wconf 84' lang='lat' dir='ltr'>Epitheton</span> <span class='ocrx_word' id='word_1_384' title='bbox 1519 4669 1771 4751; x_wconf 89' lang='lat' dir='ltr'>denique</span> <span class='ocrx_word' id='word_1_385' title='bbox 1815 4670 2133 4732; x_wconf 89' lang='lat' dir='ltr'>carminum</span> <span class='ocrx_word' id='word_1_386' title='bbox 2158 4666 2339 4750; x_wconf 62' lang='lat'>&amp;3:521</span> <span class='ocrx_word' id='word_1_387' title='bbox 2366 4671 2605 4754; x_wconf 90' lang='lat' dir='ltr'>proprie</span> <span class='ocrx_word' id='word_1_388' title='bbox 2630 4679 2901 4731; x_wconf 74' lang='lat' dir='ltr'>adustum</span> <span class='ocrx_word' id='word_1_389' title='bbox 2928 4682 3116 4744; x_wconf 82' lang='lat' dir='ltr'>sonat,</span> <span class='ocrx_word' id='word_1_390' title='bbox 3154 4667 3311 4744; x_wconf 89' lang='lat' dir='ltr'>dein,</span> <span class='ocrx_word' id='word_1_391' title='bbox 3346 4668 3516 4750; x_wconf 90' lang='lat' dir='ltr'>plane</span> <span class='ocrx_word' id='word_1_392' title='bbox 3541 4681 3610 4731; x_wconf 89' lang='lat' dir='ltr'>ut</span> 
     </span>
     <span class='ocr_line' id='line_1_38' title="bbox 688 4784 3607 4874; baseline -0.001 -21"><span class='ocrx_word' id='word_1_393' title='bbox 688 4791 976 4873; x_wconf 73' lang='lat' dir='ltr'>persicum</span> <span class='ocrx_word' id='word_1_394' title='bbox 1011 4784 1197 4874; x_wconf 51' lang='grc' dir='ltr'>ἐὗ-ἒξ.)</span> <span class='ocrx_word' id='word_1_395' title='bbox 1237 4807 1934 4864; x_wconf 75' lang='lat' dir='ltr'>expertum,.eonsonum‚</span> <span class='ocrx_word' id='word_1_396' title='bbox 1980 4798 2248 4867; x_wconf 59' lang='lat' dir='ltr'>cupieram</span> <span class='ocrx_word' id='word_1_397' title='bbox 2292 4804 2600 4872; x_wconf 76' lang='lat' dir='ltr'>usurpatur</span> <span class='ocrx_word' id='word_1_398' title='bbox 2634 4812 2751 4854; x_wconf 73' lang='lat' dir='ltr'>vox</span> <span class='ocrx_word' id='word_1_399' title='bbox 2785 4786 2968 4866; x_wconf 58' lang='lat' dir='ltr'>&amp;UH</span> <span class='ocrx_word' id='word_1_400' title='bbox 3005 4787 3077 4849; x_wconf 83' lang='lat' dir='ltr'>de</span> <span class='ocrx_word' id='word_1_401' title='bbox 3118 4787 3319 4848; x_wconf 81' lang='lat' dir='ltr'>indole</span> <span class='ocrx_word' id='word_1_402' title='bbox 3359 4785 3607 4851; x_wconf 60' lang='lat' dir='ltr'>homini!</span> 
     </span>
    </p>
   </div>
   <div class='ocr_carea' id='block_1_11' title="bbox 2860 4902 3001 4966">
    <p class='ocr_par' dir='ltr' id='par_1_13' title="bbox 2860 4902 3001 4966">
     <span class='ocr_line' id='line_1_39' title="bbox 2860 4902 3001 4966; baseline 0 0"><span class='ocrx_word' id='word_1_403' title='bbox 2860 4902 3001 4966; x_wconf 79' lang='lat'>21*</span> 
     </span>
    </p>
   </div>
  </div>
 </body>
</html>
