4126 5595
517 511 688 600 212
1001 533 1088 596 11⁴1
1143 528 1786 593 BnAn'rmnAms
1846 528 2332 591 cssn‘rumAs
2393 529 3101 597 COMMENTAMUS.

664 730 944 796 sanserito
975 729 1195 793 Lexico
1223 729 1462 793 obvium
1487 727 1682 802 babui;
1718 739 1900 789 exstat
1925 738 2119 790 tamen
2149 728 2209 788 in
2240 727 2429 790 lexico
2455 727 2777 814 Bengalico
2800 747 2920 797 W
2942 738 3283 791 mortarium
3310 741 3389 790 ad
3410 741 3589 792 meda·-

665 857 860 911 ca'nam
877 859 1210 924 parandum
1252 860 1313 909 et
1335 843 1534 912 «ἣπ-
1557 871 1789 922 coquus,
1826 866 1938 926 qua
1975 857 2223 929 propter
2260 842 2857 934 molem-ries
2893 849 3129 911 videtur
3167 868 3312 927 esse,
3350 849 3591 931 proprie

670 968 717 1031 is
752 968 853 1050 qui
887 988 1167 1029 sesamum
1204 977 1535 1045 extorquet,
1569 965 1872 1044 excoquit;
1906 951 2145 1054 3²:²33:
2183 965 2612 1045 appositionem
2642 966 2780 1027 facit
2804 968 2874 1027 ad
2900 954 3086 1045 ςῑῆι
3128 967 3166 1027 i.
3188 987 3239 1027 e.
3270 965 3593 1042 Santalum,

668 1083 890 1170 lignum
918 1085 1074 1166 quod
1104 1084 1187 1146 uti
1215 1095 1459 1162 constat,
1494 1103 1762 1143 maxumo
1802 1081 2052 1143 babetur
2091 1082 2304 1164 pretio.
2385 1081 2636 1165 Reliqua
2667 1084 2930 1146 faciliora
2954 1097 3115 1146 sunt:
3149 1093 3335 1145 solum
3360 1102 3592 1151 exarat.

668 1199 894 1288 &Q
914 1203 1029 1264 ΒΛ.
1055 1203 1296 1286 proprie
1324 1201 1430 1285 (cf.
1456 1208 1663 1262 Nalod.
1691 1203 1748 1278 h,
1770 1201 1906 1282 ¹5.),
1943 1219 2007 1260 ue
2031 1209 2267 1261 herbam
2294 1210 2551 1262 inutilem
2571 1213 2835 1280 plantet,-
2864 1190 2972 1269 πᾶῖ
2994 1225 3209 1266 nomen
3236 1202 3471 1284 quidem
3496 1222 3591 1263 ar-

667 1323 826 1387 boris
854 1334 942 1386 est
965 1324 1230 1404 (Episod.
1256 1328 1507 1384 Saltum.
1547 1323 1728 1403 ists.)
1755 1333 1817 1384 et
1841 1321 1925 1383 sic
1953 1320 2159 1383 Schol.
2182 1308 2411 1410 ειᾶῐδξπ,
2444 1324 2545 1386 sed
2586 1323 2645 1385 b.
2663 1322 2703 1386 l.
2730 1324 3012 1385 zizanium
3040 1325 3234 1407 potius
3259 1347 3305 1385 s.
3333 1323 3588 1385 triticum

664 1464 873 1529 repens
901 1445 1358 1525 (swallowworela
1381 1440 1612 1523 Amat.)
1640 1440 1962 1505 denotabit.
2038 1441 2385 1506 Utilissimas
2419 1444 2674 1528 denique
2700 1442 3090 1528 Campboram
3120 1443 3465 1528 praebentes
3493 1463 3592 1504 ex-

663 1566 875 1630 scindit
896 1565 1139 1628 arbores
1164 1564 1268 1625 ille
1295 1576 1359 1625 ut
1385 1563 1549 1625 olera
1576 1563 1816 1624 minoris
1846 1563 2021 1644 pretii
2048 1564 2131 1624 ibi
2157 1576 2311 1626 serat
2337 1577 2398 1626 et
2423 1564 2627 1626 barum
2654 1564 2933 1627 arborum
2967 1566 3141 1649 lignis
3169 1565 3594 1644 circumstipet3

668 1677 848 1774 ᾒζα
874 1691 1119 1741 cicer-mn
1154 1703 1200 1742 s.
1240 1688 1477 1739 lentium
1502 1686 1714 1752 spectes
1741 1689 1828 1738 est
1866 1679 1935 1755 (a
1959 1696 2083 1737 sore
2105 1684 2180 1754 os
2192 1686 2363 1749 emin
2388 1681 2553 1756 Am.)
2592 1681 2819 1762 Rogcr.
2847 1681 3004 1740 aliud
3032 1651 3248 1741 nomen
3274 1679 3584 1740 substituit:

638 1832 653 1844 -
670 1803 985 1864 Nuce-remi,
1021 1820 1134 1855 une
1158 1802 1408 1854 certm‘ne
1431 1818 1688 1853 sentence
1710 1801 1856 1852 done
1881 1802 1965 1852 les
1984 1816 2231 1867 pauvres
2257 1817 2320 1851 se
2342 1809 2563 1851 set-oen!
2580 1816 2732 1867 pom·
2744 1800 2907 1869 sab-e
2935 1804 3005 1852 de
3030 1803 3092 1852 Ia
3115 1802 3356 1853 bour‘llc'e.

533 1923 628 1982 99.
672 1913 762 1973 Ex
790 1910 1030 1975 Cod.A.
1059 1924 1119 1972 et
1152 1910 1352 1972 Sebol.
1381 1910 1740 1971 correximus
1761 1908 1988 1998 W,
2022 1909 2092 1969 B.
2120 1907 2269 1969 male
2292 1909 2523 1973 W
2547 1909 2802 1971 exbibet.
2883 1909 3164 1972 Ceterum
3189 1909 3476 1972 sententia
3504 1921 3589 1970 est

670 2027 942 2090 facillima
968 2046 1161 2107 neque
1189 2027 1307 2088 ulla
1336 2039 1473 2109 eget
1497 2024 1904 2108 explicatione.

537 2158 660 2210 100.
693 2147 861 2207 Bene
907 2145 1050 2208 mibi
1089 2145 1364 2208 claudere
1406 2144 1640 2208 videtur
1679 2163 1879 2206 versus
1917 2143 2241 2205 sectionem
2285 2155 2345 2206 et
2377 2155 2567 2207 totum
2608 2145 2682 2207 de
2708 2143 2971 2207 moribus
3000 2143 3325 2227 officiisque
3352 2142 3593 2217 librum

663 2264 900 2328 ultimus
939 2278 1243 2348 praetcrea
1286 2276 1371 2326 est
1412 2263 1472 2323 in
1517 2260 1763 2325 cod.A.
1809 2262 1916 2326 etsi
1957 2283 2206 2324 numero
2249 2264 2568 2326 centesimo
2609 2265 2841 2326 decimo
2882 2264 3217 2348 insignitus;
3266 2265 3327 2324 in
3355 2262 3506 2325 Cod.
3521 2264 3593 2323 B.

670 2384 1047 2446 centesimum
1089 2384 1286 2446 locum
1326 2394 1577 2464 occupat
1616 2402 1958 2462 quamquam
1995 2381 2141 2443 aliae
2179 2394 2504 2464 sequuntur
2525 2383 2849 2446 sententiae
2876 2404 3015 2465 quas
3042 2383 3102 2442 in
3126 2382 3593 2464 supplementum

668 2503 1025 2566 coniecimus
1052 2522 1275 2565 omnes.
1349 2503 1421 2562 In
1446 2522 1519 2562 eo
1544 2511 1740 2562 autem
1767 2500 1938 2562 nobis
1958 2500 2235 2563 *constare
2259 2501 2602 2582 studuimus,
2627 2514 2692 2564 ut
2717 2522 2933 2566 novem
2958 2515 3183 2564 tantum
3209 2500 3462 2585 capitulo
3490 2501 3596 2563 tri-

599 2685 605 2690 ,
669 2620 983 2685 buercmus
1019 2621 1334 2685 sententias
1376 2633 1437 2683 et
1478 2633 1715 2683 centum
1746 2621 2009 2685 versibus
2038 2620 2382 2683 Centuriam
2423 2621 2845 2684 clauderemus.
2926 2621 3158 2698 Quodsi
3201 2642 3345 2685 vero
3374 2641 3598 2697 omnes,

671 2761 821 2824 quae
854 2741 973 2804 buc
1014 2741 1164 2803 trabi
1190 2752 1483 2823 poterant,
1516 2741 1831 2803 sententias
1857 2740 2039 2803 velles
2079 2741 2422 2826 adiungere,
2458 2742 2726 2804 Satakum
2755 2743 2947 2804 hocce
2973 2742 3151 2827 longe
3179 2743 3331 2806 ultra
3363 2754 3597 2805 centum

676 2859 918 2922 disticha
954 2872 1311 2922 excurreret.
1391 2859 1673 2922 Ceterum
1704 2860 1767 2920 in
1804 2871 2057 2940 utroque
2098 2858 2249 2921 Cod.
2288 2873 2348 2922 et
2392 2861 2644 2924 Scboliis
2679 2861 2897 2946 legitur
2927 2849 3259 2952 πῇᾶᾶιπεῆ
3293 2863 3395 2925 scd
3435 2861 3593 2922 Edit.

674 2978 992 3041 lectionem
1014 2979 1328 3061 genuinam
1353 2987 1520 3059 puto,
1554 2978 1974 3039 nominativum
2000 2975 2229 3037 scilicet
2252 2978 2321 3037 ad
2347 2965 2594 3043 ἒπῐῐέεῐπι
2619 2978 3030 3058 pertinentem.

1647 3368 1951 3446 LIBER
2005 3368 2477 3447 TERTIUS.

1805 3551 1894 3597 DE
1927 3551 2323 3599 nnvonolm.

557 3729 564 3735 ·
673 3635 994 3757 Vocatur
1020 3692 1292 3753 Satakum
1329 3690 1447 3751 boc
1484 3688 1722 3750 tertium
1759 3678 1945 3779 &Tu-1⁸1
1983 3688 2294 3766 vocabulo,
2344 3690 2504 3769 quod
2541 3710 2844 3751 romanum
2883 3698 3092 3750 αενοιίο
3129 3713 3175 3752 s.
3213 3699 3595 3765 tenepercmeta

675 3815 771 3893 (ut
795 3810 1162 3895 Scblegelius
1186 3808 1371 3891 Bhag.
1401 3812 1457 3882 6,
1471 3818 1561 3867 35.
1591 3806 1811 3886 reddit)
1841 3826 1960 3866 non
2003 3803 2158 3865 bene
2197 3805 2491 3887 exprimit:
2528 3819 2615 3867 est
2647 3807 2802 3868 enim
2830 3808 3070 3889 proprie
3101 3809 3361 3870 conditio
3389 3830 3456 3870 ac
3484 3821 3596 3870 sta-

674 3943 766 3993 tus
807 3928 1060 3992 bominis
1097 3928 1198 3988 ille
1236 3926 1337 3987 ubi
1376 3924 1448 3987 ab
1488 3924 1798 3986 affectibus
1848 3923 2000 3984 liber
2042 3944 2245 3985 omnes
2286 3924 2630 4006 cupiditates
2671 3926 2917 4004 exuerit,
2950 3925 3125 3988 animi
3169 3928 3597 3990 commotiones

675 4048 1013 4115 coercuerit
1064 4059 1126 4110 et
1174 4067 1446 4109 sensuum
1498 4042 1868 4107 incitamenta
1917 4043 2212 4107 domuerit
2250 4043 2427 4126 idque
2466 4045 2585 4107 vita
2618 4044 2872 4108 solitaria
2910 4058 3085 4129 atque
3119 4047 3383 4109 ascetica.
3472 4048 3626 4132 igi--

674 4185 772 4234 tur
814 4177 1170 4246 Vah-agyam
1208 4167 1447 4230 devotio
1488 4165 1725 4248 quidem
1763 4177 1870 4244 est,
1908 4166 2012 4227 sed
2039 4188 2174 4228 cum
2209 4165 2572 4249 poenitentia
2609 4167 2938 4229 coniuncta.
3004 4166 3232 4229 Decem
3260 4167 3430 4230 buius
3454 4165 3592 4229 libri

679 4291 860 4373 capita
900 4288 1324 4351 inscribuntur:
1361 4288 1436 4348 de
1478 4292 1787 4361 eupiditate
1816 4291 2180 4362 framundo,
2217 4287 2291 4346 de
2327 4294 2494 4346 rebus
2531 4311 2679 4363 quae
2715 4294 2777 4346 in
2812 4311 3017 4347 semus
3056 4297 3273 4347 cadem!
3298 4295 3592 4353 evitandis,

610 4460 616 4467 .
663 4408 757 4468 de
775 4425 1134 4482 paupertate,
1171 4406 1244 4467 de
1272 4414 1633 4479 voluptatum
1660 4412 2075 4471 inconstantia.
2105 4405 2177 4464 de
2205 4412 2471 4479 temporis
2497 4412 2813 4472 velocitate,
2841 4405 2915 4464 de
2943 4412 3095 4464 vitae
3118 4414 3401 4464 ascetriae
3418 4430 3594 4479 prae-

601 4561 607 4572 ·
683 4533 924 4591 stantia.
957 4534 1038 4583 ad
1069 4532 1332 4583 annnam
1367 4529 1700 4589 admonitio,
1738 4522 1813 4582 de
1837 4530 2004 4580 rebus
2029 4529 2463 4580 transeuntibus
2488 4538 2543 4579 ee
2568 4529 2984 4588 constantibus,
3022 4523 3094 4582 de
3119 4529 3453 4580 adoratione
3477 4527 3600 4580 Sive·

682 4653 744 4702 et
784 4642 857 4701 de
884 4649 1136 4699 mendico
1163 4648 1440 4712 religioso.
1519 4638 1626 4700 Uti
1653 4658 1797 4700 vero
1823 4638 1889 4699 iu
1911 4638 2199 4699 Amorum
2227 4636 2384 4700 libro
2413 4638 2750 4718 incipiendo
2783 4639 3050 4717 Kamum,
3084 4639 3161 4701 ita
3187 4638 3247 4699 in
3275 4639 3595 4713 centuriae,

680 4757 1059 4819 devotionem
1093 4757 1405 4842 pingentis,
1449 4756 1618 4818 initio
1654 4762 1848 4817 Savum
1886 4757 2122 4820 invocat
2154 4769 2382 4837 auctor,
2427 4755 2840 4841 religiosorum
2879 4757 3179 4821 bominum
3203 4771 3378 4839 atque
3405 4768 3596 4819 auste-

680 4896 802 4939 ram
827 4876 1001 4940 vitam
1029 4876 1367 4962 degentium
1391 4888 1720 4958 patronum.
