4126 5595
518 514 685 606 122
1409 529 2047 594 BnAnTmnAms
2106 532 2665 596 samen-run.

518 728 646 806 78.
699 721 1047 802 Difficilis
1123 717 1213 794 ad
1286 713 1815 792 moderandum
1880 733 1989 792 est
2052 713 2393 792 dominus
2457 734 2531 793 et
2590 717 2830 796 veloci
2891 745 3249 824 equorum
3309 739 3555 800 mente

703 855 1017 963 praediti
1069 871 1235 929 sunt
1284 856 1678 956 principes:
1736 879 1873 926 nos
1923 879 2130 945 vero,
2202 880 2456 954 magna
2509 881 2639 958 spe
2689 854 2968 931 inducti
3018 861 3097 931 in
3147 885 3557 960 supremam

707 992 1127 1094 dignitatem
1190 986 1559 1087 dirigimus
1622 992 1971 1080 animum,
2041 986 2283 1062 donec
2348 989 2574 1064 senile
2627 1017 2893 1093 corpus
2947 1009 3023 1066 et
3073 1019 3311 1067 caram
3363 993 3560 1067 illam

701 1131 921 1203 vitam
971 1150 1168 1198 mors
1219 1121 1480 1198 aufert.
1592 1120 1801 1216 Quae
1856 1148 2086 1223 quum
2136 1126 2235 1196 ita
2285 1127 2430 1198 sint
2479 1130 2735 1218 amice,
2793 1126 2994 1200 nulla
3047 1127 3187 1201 alia
3239 1127 3430 1203 salus
3484 1131 3559 1202 in

710 1278 900 1339 terra
951 1260 1392 1363 relinquitur
1439 1260 1888 1363 sapientibus
1943 1286 2163 1361 quam
2216 1257 2539 1336 devotio.

523 1402 645 1481 79.
700 1398 1159 1476 Auctoritate
1221 1395 1602 1490 diminuta,
1662 1394 1930 1476 divitiis
1980 1399 2317 1492 interitis,
2388 1400 2657 1503 opibus
2707 1396 2799 1473 ad
2850 1401 3174 1502 inopiam
3224 1398 3555 1496 redactis,

703 1541 1015 1618 mortuis
1075 1539 1436 1642 cognatis,
1506 1533 1921 1614 domesticis
1984 1533 2345 1642 dissipatis
2408 1554 2484 1614 et
2545 1542 2921 1617 iuventute
2970 1538 3351 1642 paullatim
3401 1568 3561 1619 eva-

705 1675 904 1769 nida,
960 1673 1147 1749 illud
1198 1679 1500 1748 unicum
1548 1690 1817 1748 mente.
1843 1678 2046 1774 puris
2099 1680 2444 1752 convenit
2492 1693 2578 1750 ut
2627 1677 2898 1749 alicubi
2949 1674 3398 1750 domicilium
3429 1681 3567 1751 sibi

708 1825 968 1914 parent
1016 1812 1208 1885 inter
1256 1809 1553 1883 frutices
1604 1824 1982 1885 excavatae
2033 1808 2426 1911 speluncae
2477 1812 2557 1883 in
2607 1825 2861 1885 monte
2913 1835 3147 1903 sacro,
3206 1814 3407 1888 cuius
3442 1839 3564 1885 ru-

707 1970 841 2048 pes
894 1943 1290 2047 Gangetica
1340 1944 1742 2018 lustrantur
1791 1969 2005 2045 aqua.

524 2086 648 2158 80.
703 2076 1015 2155 Iucundi
1064 2096 1232 2155 sunt
1281 2080 1500 2154 lunae
1548 2056 1761 2173 radii,
1828 2074 2145 2154 iucunda
2195 2082 2274 2153 in
2323 2078 2646 2156 herboso
2698 2106 3003 2159 nemore
3046 2085 3558 2175 commoratio,

629 2281 641 2294 .
703 2212 1019 2293 iucunda
1081 2215 1388 2291 felicitas
1449 2218 1528 2290 in
1590 2220 1991 2290 amicorum
2052 2213 2597 2292 advenientium
2659 2244 3040 2311 consessu,
3107 2218 3417 2294 iucunda
3471 2219 3565 2292 de

706 2353 1147 2426 carminibus
1210 2348 1750 2440 confabulatio,
1837 2347 2155 2423 iucunda
2217 2355 2486 2425 amicae
2567 2353 2825 2444 facies,
2906 2356 2986 2426 in
3048 2380 3192 2455 qua
3267 2357 3373 2427 ira
3405 2419 3416 2431 .
3444 2378 3565 2425 ex-

551 2528 555 2533 ·
671 2538 683 2564 .·
708 2509 957 2589 pressa
1009 2488 1291 2588 emicat.
1318 2483 1680 2592 lacrymae
1731 2500 1957 2586 gutta:
2036 2481 2351 2559 iucunda
2400 2484 2582 2559 haec
2648 2490 2894 2560 omnia
2956 2514 3186 2589 quum
3253 2511 3562 2563 evanue·

500 2589 504 2598 Ι
709 2603 883 2696 runt
930 2618 1114 2693 nihil
1168 2617 1477 2721 amplius
1529 2622 1773 2693 animo
1825 2636 2021 2693 sunt.
2159 2610 2165 2616 ’
2716 2615 2721 2620 ’

528 2762 656 2837 81.
708 2754 917 2835 Nihil
981 2751 1284 2832 iucundi
1344 2770 1453 2831 est
1509 2753 1859 2860 palatium
1935 2753 2207 2832 habere
2268 2781 2408 2862 pro
2473 2752 2887 2852 domicilio,
2966 2782 3209 2862 neque
3271 2772 3562 2834 cantum

711 2911 789 2972 et
865 2910 1103 2974 cetera
1178 2891 1468 2987 audire,
1551 2919 1795 2997 neque
1862 2921 2202 2996 magnum
2281 2895 2562 2969 bonum
2628 2896 2990 3000 voluptati
3053 2898 3358 2999 praebet
3431 2893 3559 2969 ad·

707 3047 967 3109 ventus
1028 3034 1429 3106 amicorum
1489 3045 1836 3131 tanquam
1897 3034 2042 3105 vita
2106 3056 2477 3106 carorum:
2548 3036 2816 3105 etenim
2880 3034 3061 3106 boni
3125 3057 3418 3134 semper
3485 3035 3562 3103 in

707 3168 1037 3239 intimam
1088 3163 1363 3267 sylvam
1414 3187 1492 3235 se
1545 3161 2038 3253 contulerunt,
2099 3168 2343 3236 omnia
2393 3163 2519 3236 illa
2571 3162 2841 3238 caduca
2884 3180 3303 3265 reputantes
3334 3166 3565 3241 veluti

704 3300 1041 3377 umbram
1103 3295 1447 3375 candelae
1498 3301 2004 3392 tenerrimam,
2073 3296 2676 3401 praetervolantis
2738 3303 2886 3377 avis
2937 3300 3214 3374 alarum
3262 3299 3566 3378 ventulo

707 3452 1178 3515 commotam.

1750 3599 1844 3648 1³13
1889 3601 2030 3650 sxvi
2081 3600 2335 3650 curru.

528 3721 652 3788 82.
705 3710 1143 3787 Mutabilem
1192 3709 1390 3783 hunc
1438 3706 1890 3783 trimundum
1938 3712 2363 3812 putantibus
2414 3712 2657 3801 nobis,
2731 3736 2777 3784 o
2832 3712 3090 3800 amice,
3146 3734 3299 3783 non
3353 3708 3566 3782 facile

604 3856 610 3861 '
711 3844 1097 3920 oculorum
1159 3847 1350 3919 viam
1401 3858 1477 3917 et
1525 3847 1807 3916 aurium
1857 3848 2183 3917 semitam
2237 3841 2637 3944 ingreditur
2699 3843 2909 3917 fortis
2959 3841 3086 3914 illa
3151 3857 3226 3914 et
3283 3841 3564 3914 occulta

707 3955 791 4055 in
851 4004 967 4054 res
1028 3951 1403 4054 terrestres
1465 3974 1778 4079 cupido,
1846 4004 2061 4082 quae,
2133 3976 2566 4081 elephantae
2629 3977 2941 4053 feminae
3014 3976 3306 4069 similis,
3387 3977 3561 4051 furi·

707 4111 943 4192 bundi
993 4119 1253 4192 mentis
1307 4113 1678 4220 elephanti
1728 4120 1996 4192 excitat
2045 4112 2412 4209 ardorem,
2469 4115 2879 4194 devotionis
2928 4118 3123 4219 posti
3174 4113 3559 4216 alligatum.

531 4258 654 4327 83.
708 4250 914 4328 Trita
965 4270 1134 4327 sunt
1183 4256 1404 4327 animi
1456 4252 1739 4356 gaudia,
1797 4256 1978 4330 abiit
2029 4280 2328 4358 quoque
2381 4258 2716 4330 iuventus
2768 4253 2921 4345 illa3
2979 4253 3167 4326 eheu
3208 4255 3361 4354 ipsa
3398 4277 3559 4325 cor-

712 4392 915 4489 poris
990 4388 1233 4463 officia
1312 4387 1404 4463 ad
1482 4391 1934 4465 sterilitatem
2013 4389 2325 4465 tendunt
2387 4394 2527 4464 nisi
2592 4391 2973 4490 qualitates
3041 4387 3554 4487 dignoscimus.

718 4516 917 4612 Quid
968 4519 1426 4596 faciendum?
1511 4522 1775 4598 Subito
1827 4549 1964 4597 nos
2017 4522 2425 4625 aggreditur
2474 4522 2793 4597 validum
2844 4538 3129 4622 tempus
3180 4520 3401 4591 finem
3454 4520 3558 4591 sa-

718 4649 958 4726 ciendi
1018 4653 1357 4755 cupidus:
1439 4684 1595 4733 non
1657 4657 1795 4733 alia
1858 4662 2076 4762 igitur
2140 4658 2389 4732 salutis
2450 4660 2564 4733 via
2626 4671 2870 4730 manet
2931 4681 3148 4756 quam
3227 4657 3558 4754 ignotum

720 4784 873 4863 sivi
921 4786 1195 4891 pedum
1243 4816 1402 4893 par.

536 4923 662 4995 84.
715 4919 921 4996 Inter
985 4922 1264 5018 Sivum,
1340 4926 1777 5003 mundorum
1847 4929 2227 5024 dominum
2292 4946 2368 5005 et
2427 4926 2817 5021 Vishnum,
2885 4932 3245 5001 internam
3304 4921 3560 4998 mundi
