4126 5595
1549 599 1555 607 ·
1647 567 2084 633 cEN'rumA
2139 565 2482 631 TERTm.
2561 567 2569 575 ·
3277 519 3281 523 ’
3423 547 3586 642 113

522 765 647 833 20.
707 756 1014 834 Oceano
1070 754 1297 833 divisa
1350 771 1460 831 cst
1505 771 1699 830 terra
1762 771 1837 830 ct
1896 754 2277 830 thesaurus
2337 752 2465 828 ille
2515 778 2870 856 aquarum
2936 740 3233 831 centuni
3278 751 3352 833 Y
3354 753 3586 859 ojanis

584 893 589 899 ’
701 909 936 999 patct;
1007 892 1123 969 sol
1170 896 1468 971 viatoris
1529 895 1752 968 instar
1802 891 1993 968 coeli
2045 885 2457 968 mensuram
2508 887 2798 996 semper
2847 886 3416 999 transgredituri
3488 900 3583 974 si·

704 1034 864 1109 mili
922 1030 1178 1126 modo,
1253 1058 1328 1106 o
1367 1031 1704 1108 homines
1754 1028 2180 1123 venerandi,
2254 1056 2599 1134 quorum,
2658 1029 2900 1134 gaudii
2952 1059 3269 1148 gemmas
3321 1056 3584 1140 agens,

701 1175 892 1247 vitae
943 1186 1166 1246 status
1217 1175 1362 1245 iam
1415 1169 1764 1262 effloruit,
1822 1167 2180 1243 infinitam
2216 1194 2517 1311 quoque
2569 1167 2772 1243 illam
2820 1172 3253 1305 proborum
3281 1176 3570 1276 sapien-

699 1311 845 1382 tiae
898 1305 1417 1408 cogitationem
1470 1304 1752 1379 debetis
1804 1305 2178 1379 aemulari.
2518 1299 2528 1310 ’
3414 1399 3421 1408 .

518 1449 644 1517 21.
699 1442 876 1516 Alta
929 1440 1220 1534 domus,
1280 1442 1416 1515 filii
1467 1467 1508 1514 a
1561 1441 2010 1542 sapientibus
2060 1436 2432 1529 honorati,
2490 1439 3061 1514 innumerabiles
3094 1463 3344 1545 ·opes,·
3394 1467 3588 1519 uxor

702 1578 941 1681 proba
1002 1595 1079 1653 et
1135 1595 1328 1652 aetas
1391 1575 1727 1653 iuvenilis
1795 1574 2007 1673 (mihi
2075 1575 2303 1673 sunt):
2374 1576 2479 1649 sic
2544 1573 2949 1676 gloriantur
2998 1573 3403 1678 ignorantia
3455 1575 3584 1653 de·

700 1717 896 1816 cepti
944 1712 1308 1807 homines,
1367 1712 1514 1787 hoc
1562 1736 1783 1786 omne
1832 1711 2362 1812 sempiternum
2404 1709 2568 1786 fore
2603 1728 2943 1814 putantes
2980 1709 3279 1816 quando
3316 1712 3570 1789 mundi

699 1876 1064 1924 carcerem
1109 1846 1645 1949 ingrediuntur:
1705 1849 1994 1949 sapiens
2029 1871 2237 1936 vero,
2300 1851 2561 1947 quovis
2609 1852 2966 1951 temporis
3000 1865 3382 1924 momento
3419 1875 3584 1926 eva·

609 2061 612 2065 ,
696 1982 952 2057 nidum
1001 1982 1257 2060 videns
1308 1979 1523 2073 illud,
1585 1984 1831 2055 omnia
1883 1981 2318 2054 contemnit.

1281 2282 1374 2332 ως
1428 2280 1947 2333 mmmcmvns
2000 2280 2096 2331 ΒΤ
2146 2279 2508 2330 nonnum
2561 2279 2808 2331 muts.
3113 2343 3118 2351 ,

520 2401 647 2469 22.
708 2391 895 2490 Quis
929 2393 1159 2471 homo
1197 2399 1514 2471 sentiens
1550 2397 1662 2470 sui
1704 2410 1983 2470 tantum
2028 2395 2252 2498 ipsius
2286 2393 2676 2471 ventriculi
2711 2395 3089 2470 esurientis
3134 2393 3568 2502 caussa'Da!

703 2531 923 2625 dicat,
985 2536 1166 2635 quin
1203 2536 1479 2636 potius,
1536 2559 1714 2636 prae
1748 2536 2012 2637 stipem
2049 2528 2398 2634 erogandi
2428 2518 3588 2635 timore·balhutiens‚··‹·qno'cun·‚

701 2693 850 2769 que
901 2666 1130 2743 modo
1181 2696 1490 2772 parvum
1539 2667 1734 2742 istud
1784 2667 2245 2744 vocabulum
2277 2664 2634 2768 proferat,
2710 2665 3009 2768 quando
3062 2666 3583 2742 matremfamiss

697 2802 832 2876 lias
893 2801 1139 2879 videat
1189 2805 1358 2877 cibo
1415 2801 1858 2895 destitutam,
1931 2807 2135 2877 cuius
2186 2818 2465 2879 vestem
2516 2801 2833 2875 laceram
2884 2797 3245 2905 arripiunt
3270 2790 3582 2906 'parvuli

694 2940 949 3042 ipsius,
1008 2937 1427 3033 clamantes,
1486 2939 1678 3015 same
1727 2939 2147 3015 laborantes
2181 2955 2258 3013 et
2287 2938 2510 3014 vultu‘
2552 2936 2766 3013 hilari
2818 2941 2961 3011 iam
3014 2937 3458 3015 contristati?

510 3082 635 3152 23.
689 3077 966 3178 Magni,
1037 3079 1537 3179 cuiuscunque
1599 3076 1928 3179 gloriosi,
1998 3075 2315 3150 honoris
2370 3072 2654 3149 nodum
2720 3075 3055 3167 solvens3
3120 3078 3568 3177 gravissima·

694 3240 862 3285 rum
910 3214 1263 3286 virtutum
1325 3211 1602 3285 cumuli
1656 3214 1865 3314 quasi
1915 3207 2596 3313 lotum'splendide
2647 3208 3039 3284 florentem
3087 3209 3304 3283 lunae
3355 3207 3573 3282 lumi·

697 3348 809 3418 nis
861 3348 1086 3417 instar
1138 3370 1446 3419 enecans
1483 3362 1557 3418 et
1601 3345 1909 3446 bipenni
1961 3344 2231 3435 simile,
2284 3372 2625 3445 magnum
2675 3327 3235 3445 pulchrumque
3267 3338 3581 3445 pudoris

691 3478 1071 3552 arbustum
1136 3475 1568 3551 abscindens
1635 3494 1745 3552 est
1806 3478 2197 3553 ventriculi
2258 3476 2476 3552 illud
2508 3475 2921 3569 vasculum,
2997 3475 3200 3580 quod
3269 3472 3573 3552 difficile

692 3613 1043 3715 impletur
1093 3612 1784 3717 simulationemque
1838 3617 2092 3716 gignit.
3637 3591 3642 3596 ¹

511 3754 635 3827 24.
689 3750 958 3826 Melius
1024 3767 1132 3826 cst
1195 3767 1280 3826 ut
1330 3751 1687 3846 mortalis,
1758 3751 1950 3828 same
2001 3766 2328 3844 vexatus,
2400 3747 2490 3826 ad
2543 3750 3001 3840 stomachum
3032 3775 3394 3829 *vacuum
3434 3753 3571 3824 im-

693 3887 1078 3994 plendum,
1149 3891 1228 3961 in
1280 3892 1446 3963 vico
1493 3908 1745 3965 sancto
1798 3890 1922 3967 vel
1966 3893 2045 3963 in
2103 3890 2304 3993 sylva
2363 3915 2662 3991 magna,
2736 3906 2918 3965 testa
2976 3904 3302 3992 sumpta,
3335 3890 3574 3964 =cuius

696 4025 1163 4099 manubrium
1211 4023 1516 4098 candida
1568 4026 1932 4099 obtexerit
1972 4039 2200 4115 veste,
2262 4021 2574 4125 quodvis
2618 4024 3334 4125 virtutisgremium,
3390 4049 3568 4124 pur·

624 4218 627 4221 .
694 4183 931 4261 purco
999 4157 1206 4232 sumo
1275 4183 1363 4232 ex
1415 4157 1879 4233 sacerdotum
1940 4162 2109 4260 igne
2171 4159 2619 4260 insignitum,
2692 4161 3009 4233 ostiatim
3058 4161 3278 4231 intret
3325 4155 3568 4231 hono·
3652 4229 3658 4234 .

696 4311 896 4370 ratus
949 4309 1024 4369 et
1072 4310 1421 4398 tanquam
1486 4292 1854 4389 dominus,
1929 4318 2149 4398 quam
2210 4310 2296 4371 ut
2323 4292 2679 4400 ‘quotidie
2743 4321 2910 4369 cum
2962 4291 3393 4376 domesticis,
3426 4293 3569 4396 ipsi

699 4431 1057 4505 similibus
1110 4435 1359 4533 inopia
1408 4432 1723 4507 laboret.
2687 4432 2695 4443 ’
2876 4432 2885 4443 ’

520 4572 643 4645 25.
698 4567 1100 4641 Himavatis
1177 4565 1381 4658 loca,
1470 4567 2032 4667 Gangeticarum
2107 4563 2470 4639 undarum
2554 4562 3023 4669 adspersione
3103 4563 3561 4666 refrigerata,

704 4706 908 4778 cuius
957 4701 1269 4803 pulchra
1322 4704 1617 4803 rupium
1668 4702 2091 4803 superficies
2133 4728 2174 4775 a
2216 4702 2661 4804 sapientibus
2712 4700 3005 4789 colitur,
3064 4724 3195 4771 cur
3245 4697 3571 4774 desolata

708 4812 1040 4909 manent?
1120 4838 1290 4937 quia
1352 4835 1691 4910 homines
1742 4837 2004 4928 frusto,
2075 4837 2169 4908 ab
2220 4836 2377 4911 aliis
2430 4850 2732 4938 accepto
2787 4849 2862 4906 et
2910 4847 3339 4937 contemptu
3388 4855 3564 4906 con-

708 4971 989 5063 iuncto,
1046 4972 1376 5045 contenti
1425 4984 1620 5046 sunt.

2871 5106 2960 5180 16
