4126 5595
519 485 692 571 230
1003 504 1092 564 m
1146 497 1791 563 BnAnTmnAms
1849 495 2335 560 CENTnmAs
2395 497 3102 567 commum-Amos.

662 702 903 783 insuper
945 697 1204 782 copiolas
1239 696 1498 780 flagitare
1534 715 1714 775 quum
1750 701 1981 753 datores
2017 691 2224 774 (⁷:13²)
2251 693 2505 758 debeant
2528 714 2672 760 esse.
2750 696 2825 758 In
2852 695 3005 760 Cod.
3017 699 3089 760 B.
3116 700 3431 762 secundum
3456 713 3581 764 ter-

665 819 928 899 tiumque
953 815 1278 880 membrum
1304 816 1420 875 hoc
1446 813 1624 874 modo
1652 832 1715 874 se
1743 811 1990 874 habent:

579 1187 592 1197 “
667 1169 876 1232 eodem
914 1189 1106 1247 sensu,
1143 1166 1255 1230 nisi
1292 1168 1454 1251 quod
1493 1167 1665 1251 egeni
1699 1179 1893 1229 terrae
1919 1167 2081 1249 quasi
2108 1186 2468 1250 possessores
2494 1166 2875 1246 inducuntur,
2909 1165 3118 1250 quibus
3147 1167 3392 1232 frustum
3419 1192 3585 1232 suum

670 1288 924 1373 eripiunt
958 1286 1270 1374 principes.
1346 1295 1589 1383 cmg-5⁸1⁰
1638 1309 1707 1352 ex
1741 1285 1984 1350 comt.
2015 1300 2077 1350 et
2102 1287 2305 1351 Schol.
2329 1287 2658 1371 scripsimus
2684 1310 2793 1373 pro
2828 1298 3068 1375 57:20⁰
3110 1324 3190 1339 —
3229 1289 3417 1354 forma
3441 1312 3587 1354 con·

666 1423 918 1494 temptus
954 1424 1041 1473 est
1069 1422 1131 1473 ut
1154 1427 1340 1503 ΜΠ
1365 1421 1479 1472 cet.
1507 1432 1642 1472 cum
1666 1409 2114 1493 pronominibus
2141 1409 2461 1493 composita
2487 1409 2791 1473 vocabula.

531 1544 622 1597 ot.
664 1531 943 1594 Fabulam
984 1530 1224 1614 respicit
1259 1542 1431 1614 pocta
1469 1531 1648 1610 illam,
1683 1552 1795 1613 qua
1833 1532 2004 1595 Sivus
2040 1532 2103 1593 in
2141 1531 2261 1594 rixa
2286 1534 2578 1613 quondam
2608 1534 2876 1596 Deorum
2904 1544 3150 1616 propter
3174 1553 3448 1618 magnum
3469 1532 3590 1594 Dei

666 1651 1008 1712 Bralimanis
1048 1650 1274 1725 fastum,
1311 1660 1482 1729 caput
1520 1650 1607 1708 illi
1644 1648 1945 1710 abstulisse
1987 1651 2254 1725 traditur,
2288 1650 2465 1728 idque
2502 1652 2694 1712 statim
2732 1672 2841 1712 suo
2878 1652 3054 1730 capiti
3089 1653 3318 1734 signum
3348 1651 3591 1711 lionoris

672 1767 1043 1848 imposuisse,
1090 1787 1269 1844 quum
1319 1783 1445 1824 sese
1486 1737 1764 1824 humilem
1805 1764 2083 1825 redderet
2125 1764 2393 1824 BrahmA.
2480 1765 2651 1826 Sivus
2692 1766 2900 1825 exinde
2938 1766 3168 1832 ᾶῗῐῆπε
3224 1766 3410 1828 dietus
3454 1766 3589 1842 suit,

669 1881 918 1943 Brabma
943 1900 1111 1958 vero,
1138 1881 1237 1960 qui
1262 1891 1429 1939 antea
1452 1868 1676 1967 ῆζῇπι
1707 1879 2135 1954 nominabatur,
2161 1879 2346 1940 tribus
2367 1891 2588 1939 tantum
2613 1879 2896 1960 capitibus
2920 1880 3156 1942 incessit
3177 1892 3398 1962 postea.
3434 1881 3590 1941 Sen-

669 1998 848 2058 tentia
886 1996 1068 2078 igitur
1104 1995 1483 2077 aenigmatice
1519 1993 1838 2074 proposita,
1879 1993 2083 2054 suadet
2117 2012 2193 2052 ne
2231 1994 2526 2071 mortales,
2559 1994 2899 2075 praesertim
2933 2014 3126 2077 reges,
3160 1996 3405 2057 devotos
3441 2017 3587 2057 con-

669 2089 937 2175 temnere
961 2112 1167 2190 velint,
1202 2133 1381 2192 quum
1410 2111 1505 2173 vel
1532 2111 1654 2193 ipse
1681 2109 1930 2171 Brabma
1958 2110 2037 2172 ob
2077 2111 2406 2192 superbiam
2433 2112 2705 2174 adversus
2730 2111 3081 2175 devotorum
3107 2113 3325 2191 Deum,
3366 2113 3593 2193 Sivum,

667 2252 886 2315 poenas
910 2230 1109 2309 luerit,
1145 2243 1207 2292 et
1245 2230 1502 2310 quamvis
1529 2236 1892 2297 immortalis,
1928 2229 1987 2289 id
2013 2230 2172 2310 quod
2198 2229 2260 2291 in
2285 2230 2771 2314 interrogatione,
2806 2229 3078 2314 negative
3100 2231 3398 2309 sumenda,
3432 2232 3595 2310 latet,

666 2367 865 2441 πὶβε
897 2350 1085 2411 lieret.
1122 2383 1202 2396 —
1235 2365 1363 2412 απῐι
1403 2349 1465 2408 in
1495 2346 1732 2409 Cod.B.
1776 2348 1886 2408 nisi
1925 2367 1958 2407 e
1985 2347 2219 2410 licentia
2256 2369 2368 2430 pro
2390 2344 2517 2414 affl:
2548 2362 2840 2431 sumptum
2864 2349 3037 2411 velist
3086 2357 3179 2409 ille
3202 2374 3346 2409 sane
3368 2359 3592 2409 devotus

657 2474 800 2547 suit.
840 2468 1226 2530 reiicicndum
1267 2478 1371 2528 est.
1452 2464 1733 2528 Ceterum
1770 2466 1943 2528 minis
1983 2466 2100 2528 hoc
2137 2467 2318 2528 modo
2358 2464 2682 2529 fortissimis
2723 2488 2792 2528 ex
2829 2466 3123 2552 religione
3149 2467 3343 2549 petitis
3369 2467 3592 2549 optime

669 2588 888 2651 clandit
923 2552 1109 2651 sectio
1149 2585 1210 2646 in
1250 2606 1423 2669 reges
1455 2585 1816 2668 potissimum
1857 2584 2078 2646 directa
2122 2598 2183 2648 et
2224 2586 2323 2648 has
2362 2585 2597 2668 quidem
2625 2585 2705 2649 ob
2734 2606 2955 2649 caussas
2994 2608 3128 2649 cum
3170 2586 3439 2670 Rogerio
3474 2585 3594 2647 buc

672 2707 946 2770 traximus
973 2704 1283 2784 distichon,
1319 2706 1378 2765 in
1405 2705 1562 2768 Edit.
1589 2727 1646 2786 p.
1668 2716 1790 2772 109.
1817 2717 2058 2767 exstans.

539 2835 628 2890 62.
678 2826 871 2911 Caput
909 2826 1237 2909 septimum,
1268 2818 1596 2893 tunnam-:r
1629 2826 1989 2907 inscriptum,
2024 2825 2430 2890 meditationes
2465 2826 2731 2890 continet
2755 2848 2893 2909 quas
2929 2827 3186 2910 prudens
3224 2828 3489 2909 quisque,
3523 2849 3592 2887 ex

605 2976 609 2979 ·
675 2958 871 3008 mente
905 2957 1139 3027 poetae,
1173 2965 1367 3006 secum
1406 2943 1570 3024 loqui
1607 2957 1781 3023 atque
1813 2944 1887 3003 ad
1922 2943 2177 3004 animum
2205 2945 2461 3027 dirigere
2489 2943 2717 3005 debeat.
2795 2947 2892 3005 De
2918 2946 3170 3007 vanitate
3196 2966 3395 3007 rerum
3421 2966 3590 3005 mun·

676 3062 950 3122 dana'rum
990 3061 1338 3140 plerumque
1378 3072 1559 3139 agunt
1594 3060 1915 3119 sententiae
1954 3060 2026 3117 ad
2068 3059 2304 3133 similes,
2338 3059 2526 3138 capite
2562 3059 2739 3119 tertio
2766 3073 3070 3136 exstantes,
3102 3062 3466 3122 accedentes.
3500 3094 3581 3109 -

674 3174 1056 3236 Constructio
1083 3173 1272 3232 lineae
1298 3172 1586 3233 secundae
1614 3171 1759 3233 haec
1786 3184 1898 3232 est:
1930 3168 2012 3234 &i
2044 3168 2240 3239 ffimrffi·
2275 3172 2453 3251 (male
2481 3173 2550 3233 B.
2584 3169 2801 3251 ffiwfft)
2835 3162 2927 3262 ᾗῇ
2961 3174 3067 3234 siv.
3092 3172 3228 3263 mtij‘g
3261 3174 3419 3251 aas(
3460 3165 3594 3265 §m-

669 3287 858 3358 ssrnw’t
896 3290 1012 3354 boc
1054 3303 1143 3352 est
1173 3276 1503 3383 ᾗξῇἕέἳαπᾱτ
1532 3310 1558 3351 ιι
1643 3289 2014 3351 Adiectivum
2045 3285 2236 3355 Εππέτ
2260 3289 2479 3352 scholia
2504 3310 2741 3371 quoque
2768 3289 2995 3374 legunt,
3029 3290 3210 3375 igitur
3234 3304 3459 3355 mutare
3483 3314 3596 3357 no-

673 3410 884 3473 luimus
927 3432 1058 3473 eum
1085 3408 1160 3471 A.
1188 3410 1249 3471 in
1272 3398 1462 3474 sium?
1490 3426 1731 3483 turpem.
1768 3429 1962 3491 neque
1989 3410 2049 3469 in
2075 3406 2262 3475 Gsffi
2285 3409 2577 3471 aerumnis
2601 3409 2929 3472 subiectum
2957 3432 3089 3471 cum
3118 3409 3354 3473 Cod.B.
3436 3413 3597 3474 Scri·

673 3530 888 3614 psimus
927 3544 1118 3594 tamen
1159 3526 1644 3603 &ffirffiz’t’m’wa
1679 3551 1931 3611 quorum
1971 3529 2132 3613 prius
2162 3528 2235 3592 Α.
2263 3543 2324 3593 et
2349 3529 2577 3592 Seboll.
2605 3530 2893 3613 praebent
2914 3532 3013 3612 (B.
3037 3526 3276 3623 figam),
3310 3534 3597 3616 posterius

673 3652 744 3713 B.
788 3665 848 3713 et
887 3664 1203 3714 comment.
1242 3651 1346 3729 (A.
1371 3650 1609 3726 W),
1644 3649 1889 3712 verbum
1917 3650 2072 3711 enim
2092 3649 2323 3740 ngoc
2348 3650 2486 3711 loco
2513 3648 2789 3712 Activum
2819 3662 2905 3711 est
2926 3650 2998 3711 ad
3025 3650 3269 3732 primam
3295 3654 3593 3733 pertinens

676 3771 935 3845 classem,
970 3769 1151 3851 igitur
1188 3768 1514 3829 subiectum
1556 3768 1823 3847 requirit,
1859 3769 2023 3829 cuius
2061 3767 2362 3828 obiectum
2389 3778 2476 3827 est
2498 3764 2786 3830 ufsrfflffi
2811 3766 2871 3827 h.
2886 3785 2940 3826 e.
2963 3760 3168 3831 mima
3204 3785 3229 3826 ιι
3286 3768 3598 3831 Locativus

676 3888 1034 3969 praecedens
1073 3875 1377 3964 Ξῐῗῖἳῖητῐῗ
1399 3885 1471 3946 ad
1494 3881 1630 3949 fal?
1655 3885 2057 3946 referendum:
2093 3879 2265 3961 zfessffl
2302 3871 2717 3975 ἓῆἳὶπῑῇᾖπῆ
2748 3879 3167 3969 Πῇζπῖἓῧῖ
3185 3882 3247 3945 b.
3265 3903 3317 3944 e.
3345 3887 3598 3968 propriis

677 4005 1131 4092 cogitationibus
1175 4027 1212 4067 o
1255 4026 1383 4083 cor,
1420 4017 1618 4066 mente
1657 4017 1754 4065 tua
1790 4004 2113 4086 conceptis,
2148 4015 2491 4066 contentum
2528 4023 2654 4066 esse
2679 4016 2850 4087 potes
2875 4023 3072 4085 neque
3098 4023 3244 4086 opus
3273 4016 3362 4067 est
3385 4016 3452 4067 ut
3471 4006 3597 4069 aliis

677 4126 824 4188 lucri
866 4147 1060 4188 caussa
1097 4125 1452 4186 adsentiaris.
1533 4125 1625 4184 En
1654 4130 1891 4196 Roga-ii
1921 4124 2252 4186 versionem
2292 4143 2369 4184 ne
2405 4144 2634 4186 sensum
2662 4124 2900 4204 quidem
2927 4122 3374 4205 exprimentem:
3406 4130 3595 4185 Pour-

678 4270 820 4323 quoy
858 4255 939 4306 les
977 4254 1232 4305 hommes
1259 4262 1398 4304 vom
1434 4252 1505 4303 s'ls
1531 4260 1654 4304 tout
1680 4253 1761 4303 les
1774 4251 1941 4318 jour-s
1965 4251 2144 4303 servir
2159 4266 2312 4318 pour
2327 4267 2441 4319 peu
2465 4249 2747 4304 d’ues’ls’te'?
2787 4250 2861 4303 Ss'
2888 4261 2953 4303 eu
2982 4250 3264 4318 n'asps’res
3282 4268 3398 4318 pas
3423 4266 3590 4318 apres

681 4374 759 4423 les
786 4374 980 4425 choses
1006 4373 1083 4423 du
1109 4373 1332 4431 monde,
1369 4382 1434 4422 eu
1459 4371 1756 4430 her-iteras.
1791 4388 1865 4421 ou
1893 4382 1957 4422 eu
1983 4385 2240 4423 receoras
2265 4370 2555 4437 beaucoup
2580 4371 2649 4421 de
2674 4379 3113 4421 conte-mement-

550 4490 641 4539 ω.
693 4481 936 4541 voculas
958 4497 1016 4572 Ξῖ
1038 4500 1096 4545 ετ
1118 4499 1166 4546 τε
1192 4481 1596 4542 coniunximus
1622 4481 1681 4538 in
1711 4496 1867 4571 353³
1892 4481 1972 4540 ob
1999 4480 2402 4561 imperativum
2430 4491 2770 4559 sequentem
2799 4490 2858 4538 et
2884 4478 3090 4538 Sebol.
3113 4474 3349 4570 W
3402 4477 3521 4539 Pro
3544 4495 3593 4541 π

680 4581 882 4659 “iffi-'³⁰
916 4596 1137 4657 Scholl.
1161 4585 1409 4661 ’8πίἓῖπο
1441 4596 1734 4668 scribunt;
1769 4608 2082 4675 utrumque
2109 4596 2359 4657 admittit
2384 4596 2821 4679 orthographia,
2856 4594 3081 4656 literam
3106 4610 3157 4660 π
3182 4594 3337 4655 inter
3361 4593 3592 4656 vocales

682 4712 1030 4792 geminatam
1067 4734 1327 4794 poscens.
1406 4714 1750 4795 Voluptates
1790 4714 2065 4798 intelligit
2101 4728 2275 4796 poeta
2299 4735 2437 4795 quas
2465 4713 2636 4775 nobis
2664 4712 3011 4797 effingimus,
3044 4707 3595 4795 WScb„

681 4846 829 4904 quae
868 4839 1060 4889 tamen
1100 4830 1548 4912 cogitationibus
1586 4832 1797 4894 nostris
1839 4853 1958 4893 non
1995 4833 2364 4894 adducuntur
2398 4831 2501 4894 sed
2537 4843 2746 4913 sponte
2782 4850 2881 4892 sua
2903 4828 3219 4894 adveniunt
3241 4827 3595 4908 abeuntque.
