<?xml version="1.0" encoding="UTF-8"?>
<!DOCTYPE html PUBLIC "-//W3C//DTD XHTML 1.0 Transitional//EN"
    "http://www.w3.org/TR/xhtml1/DTD/xhtml1-transitional.dtd">
<html xmlns="http://www.w3.org/1999/xhtml" xml:lang="en" lang="en">
 <head>
  <title>
</title>
<meta http-equiv="Content-Type" content="text/html;charset=utf-8" />
  <meta name='ocr-system' content='tesseract 3.04.00' />
  <meta name='ocr-capabilities' content='ocr_page ocr_carea ocr_par ocr_line ocrx_word'/>
</head>
<body>
  <div class='ocr_page' id='page_1' title='image "bhartriharissen00bohlgoog_0231.png"; bbox 0 0 4126 5595; ppageno 0'>
   <div class='ocr_carea' id='block_1_1' title="bbox 523 1271 614 1322">
    <p class='ocr_par' dir='ltr' id='par_1_1' title="bbox 523 1271 614 1322">
     <span class='ocr_line' id='line_1_1' title="bbox 523 1271 614 1322; baseline 0 -1"><span class='ocrx_word' id='word_1_1' title='bbox 523 1271 614 1322; x_wconf 82' lang='lat'>35.</span> 
     </span>
    </p>
   </div>
   <div class='ocr_carea' id='block_1_2' title="bbox 527 1620 622 1679">
    <p class='ocr_par' dir='ltr' id='par_1_2' title="bbox 527 1620 622 1679">
     <span class='ocr_line' id='line_1_2' title="bbox 527 1620 622 1679; baseline -0.011 0"><span class='ocrx_word' id='word_1_2' title='bbox 527 1620 622 1679; x_wconf 84' lang='grc'>36.</span> 
     </span>
    </p>
   </div>
   <div class='ocr_carea' id='block_1_3' title="bbox 1657 438 3586 531">
    <p class='ocr_par' dir='ltr' id='par_1_3' title="bbox 1657 438 3586 531">
     <span class='ocr_line' id='line_1_3' title="bbox 1657 438 3586 531; baseline 0.005 -10"><span class='ocrx_word' id='word_1_3' title='bbox 1657 458 1914 521; x_wconf 72' lang='lat' dir='ltr'>mmm</span> <span class='ocrx_word' id='word_1_4' title='bbox 1972 456 2452 522; x_wconf 78' lang='lat' dir='ltr'><strong>SECUNDUS.</strong></span> <span class='ocrx_word' id='word_1_5' title='bbox 3424 438 3586 531; x_wconf 82' lang='lat'>191</span> 
     </span>
    </p>
   </div>
   <div class='ocr_carea' id='block_1_4' title="bbox 657 638 3600 1107">
    <p class='ocr_par' dir='ltr' id='par_1_4' title="bbox 657 638 3600 1107">
     <span class='ocr_line' id='line_1_4' title="bbox 659 638 3599 750; baseline -0.001 -25"><span class='ocrx_word' id='word_1_6' title='bbox 659 675 722 726; x_wconf 92' lang='lat' dir='ltr'>et</span> <span class='ocrx_word' id='word_1_7' title='bbox 744 661 1015 739; x_wconf 75' lang='lat' dir='ltr'>affectus,</span> <span class='ocrx_word' id='word_1_8' title='bbox 1050 678 1170 739; x_wconf 83' lang='lat' dir='ltr'>quo</span> <span class='ocrx_word' id='word_1_9' title='bbox 1198 655 1421 720; x_wconf 88' lang='lat' dir='ltr'>animus</span> <span class='ocrx_word' id='word_1_10' title='bbox 1446 655 1834 722; x_wconf 72' lang='lat' dir='ltr'>vehementer</span> <span class='ocrx_word' id='word_1_11' title='bbox 1862 656 2131 718; x_wconf 87' lang='lat' dir='ltr'>tenetur”</span> <span class='ocrx_word' id='word_1_12' title='bbox 2158 655 2527 747; x_wconf 38' lang='lat' dir='ltr'>(Schleg2ad</span> <span class='ocrx_word' id='word_1_13' title='bbox 2554 655 2812 741; x_wconf 86' lang='lat' dir='ltr'>Bbagav.</span> <span class='ocrx_word' id='word_1_14' title='bbox 2841 655 3035 740; x_wconf 56' lang='grc' dir='ltr'><strong>ΕΑΒ.)</strong></span> <span class='ocrx_word' id='word_1_15' title='bbox 3068 647 3213 721; x_wconf 81' lang='grc' dir='ltr'><strong><em>κατ’</em></strong></span> <span class='ocrx_word' id='word_1_16' title='bbox 3240 638 3483 750; x_wconf 73' lang='grc' dir='ltr'><em>ἓξοχῆν</em></span> <span class='ocrx_word' id='word_1_17' title='bbox 3521 662 3599 724; x_wconf 94' lang='lat' dir='ltr'>de</span> 
     </span>
     <span class='ocr_line' id='line_1_5' title="bbox 657 767 3593 868; baseline -0.001 -24"><span class='ocrx_word' id='word_1_18' title='bbox 657 779 993 844; x_wconf 87' lang='lat' dir='ltr'>coenobitis</span> <span class='ocrx_word' id='word_1_19' title='bbox 1040 790 1372 860; x_wconf 89' lang='lat' dir='ltr'>usurpatur,</span> <span class='ocrx_word' id='word_1_20' title='bbox 1408 776 1486 838; x_wconf 81' lang='lat' dir='ltr'>cs.</span> <span class='ocrx_word' id='word_1_21' title='bbox 1533 782 1894 837; x_wconf 70' lang='lat' dir='ltr'>[suar-aram.</span> <span class='ocrx_word' id='word_1_22' title='bbox 1921 799 1982 858; x_wconf 93' lang='lat' dir='ltr'>p.</span> <span class='ocrx_word' id='word_1_23' title='bbox 1999 787 2110 839; x_wconf 83' lang='lat'>25.:</span> <span class='ocrx_word' id='word_1_24' title='bbox 2156 775 2275 841; x_wconf 62' lang='grc' dir='ltr'>ξιῖῐῗ</span> <span class='ocrx_word' id='word_1_25' title='bbox 2316 772 2451 842; x_wconf 50' lang='lat' dir='ltr'>HQ:</span> <span class='ocrx_word' id='word_1_26' title='bbox 2499 792 2614 860; x_wconf 49' lang='grc' dir='ltr'>εἰῇ-ἰ</span> <span class='ocrx_word' id='word_1_27' title='bbox 2662 772 2871 842; x_wconf 56' lang='lat' dir='ltr'>W&amp;</span> <span class='ocrx_word' id='word_1_28' title='bbox 2901 773 2975 857; x_wconf 53' lang='grc' dir='ltr'>ΡΞ</span> <span class='ocrx_word' id='word_1_29' title='bbox 3014 767 3148 868; x_wconf 56' lang='lat' dir='ltr'>girh*</span> <span class='ocrx_word' id='word_1_30' title='bbox 3180 793 3230 842; x_wconf 69' lang='lat' dir='ltr'>:t</span> <span class='ocrx_word' id='word_1_31' title='bbox 3257 775 3420 844; x_wconf 66' lang='grc' dir='ltr'>ῑῐδῐῖῗῐ</span> <span class='ocrx_word' id='word_1_32' title='bbox 3454 779 3593 842; x_wconf 85' lang='lat' dir='ltr'>coll.</span> 
     </span>
     <span class='ocr_line' id='line_1_6' title="bbox 660 894 3599 984; baseline 0 -22"><span class='ocrx_word' id='word_1_33' title='bbox 660 904 908 962; x_wconf 78' lang='lat' dir='ltr'>Bhemr.</span> <span class='ocrx_word' id='word_1_34' title='bbox 934 898 1100 962; x_wconf 79' lang='lat' dir='ltr'>Vaiv.</span> <span class='ocrx_word' id='word_1_35' title='bbox 1118 910 1204 968; x_wconf 84' lang='lat'>89.</span> <span class='ocrx_word' id='word_1_36' title='bbox 1254 913 1583 984; x_wconf 57' lang='lat' dir='ltr'>W</span> <span class='ocrx_word' id='word_1_37' title='bbox 1602 896 1661 959; x_wconf 86' lang='lat' dir='ltr'>in</span> <span class='ocrx_word' id='word_1_38' title='bbox 1691 897 1849 959; x_wconf 85' lang='lat' dir='ltr'>Edit.</span> <span class='ocrx_word' id='word_1_39' title='bbox 1878 898 1972 959; x_wconf 89' lang='lat' dir='ltr'>Sr.</span> <span class='ocrx_word' id='word_1_40' title='bbox 2009 907 2211 980; x_wconf 88' lang='lat' dir='ltr'>aperte</span> <span class='ocrx_word' id='word_1_41' title='bbox 2250 894 2454 958; x_wconf 81' lang='lat' dir='ltr'>salsum</span> <span class='ocrx_word' id='word_1_42' title='bbox 2496 908 2602 976; x_wconf 89' lang='lat' dir='ltr'>est,</span> <span class='ocrx_word' id='word_1_43' title='bbox 2638 894 2960 960; x_wconf 73' lang='lat' dir='ltr'>delevimus</span> <span class='ocrx_word' id='word_1_44' title='bbox 3000 899 3423 981; x_wconf 69' lang='lat' dir='ltr'><strong>apostrophen,</strong></span> <span class='ocrx_word' id='word_1_45' title='bbox 3457 919 3599 983; x_wconf 87' lang='lat' dir='ltr'>apo-</span> 
     </span>
     <span class='ocr_line' id='line_1_7' title="bbox 657 1015 3600 1107; baseline 0 -26"><span class='ocrx_word' id='word_1_46' title='bbox 657 1021 896 1107; x_wconf 85' lang='lat' dir='ltr'>graphis</span> <span class='ocrx_word' id='word_1_47' title='bbox 953 1032 1013 1082; x_wconf 88' lang='lat' dir='ltr'>et</span> <span class='ocrx_word' id='word_1_48' title='bbox 1065 1041 1236 1082; x_wconf 85' lang='lat' dir='ltr'>sensu</span> <span class='ocrx_word' id='word_1_49' title='bbox 1276 1017 1641 1095; x_wconf 81' lang='lat' dir='ltr'>iubentibus3</span> <span class='ocrx_word' id='word_1_50' title='bbox 1699 1036 1901 1085; x_wconf 60' lang='lat' dir='ltr'>amatr</span> <span class='ocrx_word' id='word_1_51' title='bbox 1938 1018 2182 1102; x_wconf 88' lang='lat' dir='ltr'>praebet</span> <span class='ocrx_word' id='word_1_52' title='bbox 2221 1015 2297 1080; x_wconf 84' lang='lat' dir='ltr'>A.</span> <span class='ocrx_word' id='word_1_53' title='bbox 2339 1017 2669 1100; x_wconf 85' lang='lat' dir='ltr'>scripsimus</span> <span class='ocrx_word' id='word_1_54' title='bbox 2711 1037 2858 1102; x_wconf 82' lang='lat' dir='ltr'>ergo</span> <span class='ocrx_word' id='word_1_55' title='bbox 2899 1035 3155 1096; x_wconf 60' lang='lat' dir='ltr'>samua,</span> <span class='ocrx_word' id='word_1_56' title='bbox 3195 1035 3403 1088; x_wconf 62' lang='lat' dir='ltr'>W</span> <span class='ocrx_word' id='word_1_57' title='bbox 3443 1018 3600 1082; x_wconf 91' lang='lat' dir='ltr'>enim</span> 
     </span>
    </p>
   </div>
   <div class='ocr_carea' id='block_1_5' title="bbox 658 1139 3601 1339">
    <p class='ocr_par' dir='ltr' id='par_1_5' title="bbox 658 1139 3601 1339">
     <span class='ocr_line' id='line_1_8' title="bbox 658 1139 1876 1223; baseline -0.006 -18"><span class='ocrx_word' id='word_1_58' title='bbox 658 1139 927 1223; x_wconf 73' lang='lat' dir='ltr'>vulgatae</span> <span class='ocrx_word' id='word_1_59' title='bbox 956 1150 1016 1199; x_wconf 90' lang='lat' dir='ltr'>et</span> <span class='ocrx_word' id='word_1_60' title='bbox 1040 1150 1232 1200; x_wconf 89' lang='lat' dir='ltr'>metro</span> <span class='ocrx_word' id='word_1_61' title='bbox 1263 1151 1322 1199; x_wconf 91' lang='lat' dir='ltr'>et</span> <span class='ocrx_word' id='word_1_62' title='bbox 1347 1139 1540 1200; x_wconf 86' lang='lat' dir='ltr'>sensui</span> <span class='ocrx_word' id='word_1_63' title='bbox 1569 1149 1876 1221; x_wconf 78' lang='lat' dir='ltr'>repugnat.</span> 
     </span>
     <span class='ocr_line' id='line_1_9' title="bbox 659 1251 3601 1339; baseline -0.002 -20"><span class='ocrx_word' id='word_1_64' title='bbox 659 1259 730 1318; x_wconf 93' lang='lat' dir='ltr'>In</span> <span class='ocrx_word' id='word_1_65' title='bbox 770 1278 973 1319; x_wconf 79' lang='lat' dir='ltr'>avaros</span> <span class='ocrx_word' id='word_1_66' title='bbox 1017 1256 1259 1335; x_wconf 87' lang='lat' dir='ltr'>dictum,</span> <span class='ocrx_word' id='word_1_67' title='bbox 1295 1267 1362 1318; x_wconf 90' lang='lat' dir='ltr'>ut</span> <span class='ocrx_word' id='word_1_68' title='bbox 1401 1257 1552 1339; x_wconf 91' lang='lat' dir='ltr'>apud</span> <span class='ocrx_word' id='word_1_69' title='bbox 1594 1263 1816 1316; x_wconf 76' lang='lat' dir='ltr'>Saadtu</span> <span class='ocrx_word' id='word_1_70' title='bbox 1820 1280 1879 1314; x_wconf 87' lang='lat' dir='ltr'>m</span> <span class='ocrx_word' id='word_1_71' title='bbox 1921 1254 1982 1315; x_wconf 89' lang='lat' dir='ltr'>in</span> <span class='ocrx_word' id='word_1_72' title='bbox 2025 1252 2245 1315; x_wconf 90' lang='lat' dir='ltr'>Gulist.</span> <span class='ocrx_word' id='word_1_73' title='bbox 2273 1275 2331 1335; x_wconf 92' lang='lat' dir='ltr'>p.</span> <span class='ocrx_word' id='word_1_74' title='bbox 2346 1265 2489 1316; x_wconf 82' lang='grc'><strong>208.·</strong></span> <span class='ocrx_word' id='word_1_75' title='bbox 2525 1252 2582 1314; x_wconf 92' lang='lat' dir='ltr'>di</span> <span class='ocrx_word' id='word_1_76' title='bbox 2567 1274 2734 1338; x_wconf 76' lang='lat' dir='ltr'>ugnus</span> <span class='ocrx_word' id='word_1_77' title='bbox 2773 1263 2861 1315; x_wconf 89' lang='lat' dir='ltr'>est</span> <span class='ocrx_word' id='word_1_78' title='bbox 2895 1251 2944 1314; x_wconf 91' lang='lat' dir='ltr'>is</span> <span class='ocrx_word' id='word_1_79' title='bbox 2984 1265 3051 1315; x_wconf 88' lang='lat' dir='ltr'>ut</span> <span class='ocrx_word' id='word_1_80' title='bbox 3075 1272 3219 1334; x_wconf 90' lang='lat' dir='ltr'>opes</span> <span class='ocrx_word' id='word_1_81' title='bbox 3250 1253 3472 1317; x_wconf 85' lang='lat' dir='ltr'>amittat</span> <span class='ocrx_word' id='word_1_82' title='bbox 3498 1253 3601 1334; x_wconf 83' lang='lat' dir='ltr'>qui</span> 
     </span>
    </p>
   </div>
   <div class='ocr_carea' id='block_1_6' title="bbox 659 1369 3607 3491">
    <p class='ocr_par' dir='ltr' id='par_1_6' title="bbox 659 1369 3600 1577">
     <span class='ocr_line' id='line_1_10' title="bbox 659 1369 3600 1457; baseline -0.001 -20"><span class='ocrx_word' id='word_1_83' title='bbox 659 1396 855 1457; x_wconf 83' lang='lat' dir='ltr'>neque</span> <span class='ocrx_word' id='word_1_84' title='bbox 897 1375 967 1436; x_wconf 92' lang='lat' dir='ltr'>iis</span> <span class='ocrx_word' id='word_1_85' title='bbox 1007 1374 1278 1436; x_wconf 76' lang='lat' dir='ltr'>fruitur</span> <span class='ocrx_word' id='word_1_86' title='bbox 1259 1394 1382 1456; x_wconf 72' lang='lat' dir='ltr'>npse</span> <span class='ocrx_word' id='word_1_87' title='bbox 1410 1395 1603 1456; x_wconf 85' lang='lat' dir='ltr'>neque</span> <span class='ocrx_word' id='word_1_88' title='bbox 1643 1373 1769 1436; x_wconf 89' lang='lat' dir='ltr'>aliis</span> <span class='ocrx_word' id='word_1_89' title='bbox 1811 1373 2149 1456; x_wconf 78' lang='lat' dir='ltr'>opitulatur.</span> <span class='ocrx_word' id='word_1_90' title='bbox 2225 1373 2371 1434; x_wconf 84' lang='lat' dir='ltr'>Post</span> <span class='ocrx_word' id='word_1_91' title='bbox 2406 1388 2545 1441; x_wconf 64' lang='lat' dir='ltr'>am.</span> <span class='ocrx_word' id='word_1_92' title='bbox 2578 1371 2729 1435; x_wconf 92' lang='lat' dir='ltr'>Cod.</span> <span class='ocrx_word' id='word_1_93' title='bbox 2745 1369 2821 1432; x_wconf 77' lang='lat' dir='ltr'>A.</span> <span class='ocrx_word' id='word_1_94' title='bbox 2846 1387 2904 1438; x_wconf 70' lang='lat' dir='ltr'>‘a&#39;</span> <span class='ocrx_word' id='word_1_95' title='bbox 2928 1370 3134 1435; x_wconf 90' lang='lat' dir='ltr'>inserit</span> <span class='ocrx_word' id='word_1_96' title='bbox 3159 1370 3322 1454; x_wconf 84' lang='lat' dir='ltr'>quod</span> <span class='ocrx_word' id='word_1_97' title='bbox 3345 1383 3600 1434; x_wconf 85' lang='lat' dir='ltr'>metrum</span> 
     </span>
     <span class='ocr_line' id='line_1_11' title="bbox 661 1492 1481 1577; baseline -0.002 -19"><span class='ocrx_word' id='word_1_98' title='bbox 661 1495 904 1577; x_wconf 75' lang='lat' dir='ltr'>respuit.</span> <span class='ocrx_word' id='word_1_99' title='bbox 983 1492 1226 1557; x_wconf 80' lang='lat' dir='ltr'>Scholia</span> <span class='ocrx_word' id='word_1_100' title='bbox 1254 1493 1481 1556; x_wconf 87' lang='lat' dir='ltr'>desunt.</span> 
     </span>
    </p>

    <p class='ocr_par' dir='ltr' id='par_1_7' title="bbox 661 1609 3607 3491">
     <span class='ocr_line' id='line_1_12' title="bbox 669 1609 3600 1698; baseline -0.002 -21"><span class='ocrx_word' id='word_1_101' title='bbox 669 1613 975 1678; x_wconf 78' lang='lat' dir='ltr'>Sententia</span> <span class='ocrx_word' id='word_1_102' title='bbox 1012 1613 1164 1676; x_wconf 85' lang='lat' dir='ltr'>haud</span> <span class='ocrx_word' id='word_1_103' title='bbox 1200 1634 1359 1694; x_wconf 90' lang='lat' dir='ltr'>sane,</span> <span class='ocrx_word' id='word_1_104' title='bbox 1403 1612 1628 1698; x_wconf 89' lang='lat' dir='ltr'>singula</span> <span class='ocrx_word' id='word_1_105' title='bbox 1671 1612 1720 1674; x_wconf 83' lang='lat' dir='ltr'>si</span> <span class='ocrx_word' id='word_1_106' title='bbox 1753 1624 1998 1695; x_wconf 76' lang='lat' dir='ltr'>spectas,</span> <span class='ocrx_word' id='word_1_107' title='bbox 2049 1609 2257 1690; x_wconf 75' lang='lat' dir='ltr'>facilis,</span> <span class='ocrx_word' id='word_1_108' title='bbox 2303 1610 2366 1671; x_wconf 89' lang='lat' dir='ltr'>in</span> <span class='ocrx_word' id='word_1_109' title='bbox 2403 1629 2478 1672; x_wconf 92' lang='lat' dir='ltr'>eo</span> <span class='ocrx_word' id='word_1_110' title='bbox 2505 1609 2757 1673; x_wconf 78' lang='lat' dir='ltr'>vertitur</span> <span class='ocrx_word' id='word_1_111' title='bbox 2791 1623 2858 1673; x_wconf 91' lang='grc' dir='ltr'>ιιι</span> <span class='ocrx_word' id='word_1_112' title='bbox 2896 1610 3283 1674; x_wconf 81' lang='lat' dir='ltr'>demonstret:</span> <span class='ocrx_word' id='word_1_113' title='bbox 3329 1610 3600 1673; x_wconf 90' lang='lat' dir='ltr'>homines</span> 
     </span>
     <span class='ocr_line' id='line_1_13' title="bbox 665 1729 3602 1824; baseline -0.003 -26"><span class='ocrx_word' id='word_1_114' title='bbox 665 1735 808 1799; x_wconf 91' lang='lat' dir='ltr'>olim</span> <span class='ocrx_word' id='word_1_115' title='bbox 836 1733 1044 1798; x_wconf 85' lang='lat' dir='ltr'>divites</span> <span class='ocrx_word' id='word_1_116' title='bbox 1070 1733 1302 1796; x_wconf 87' lang='lat' dir='ltr'>bonore</span> <span class='ocrx_word' id='word_1_117' title='bbox 1328 1752 1560 1815; x_wconf 77' lang='lat' dir='ltr'>semper</span> <span class='ocrx_word' id='word_1_118' title='bbox 1587 1731 1725 1809; x_wconf 86' lang='lat' dir='ltr'>srui,</span> <span class='ocrx_word' id='word_1_119' title='bbox 1753 1734 1859 1793; x_wconf 85' lang='lat' dir='ltr'>etsi</span> <span class='ocrx_word' id='word_1_120' title='bbox 1888 1731 2113 1793; x_wconf 83' lang='lat' dir='ltr'>divitias</span> <span class='ocrx_word' id='word_1_121' title='bbox 2140 1729 2511 1813; x_wconf 76' lang='lat' dir='ltr'>eleemosyna</span> <span class='ocrx_word' id='word_1_122' title='bbox 2549 1729 2901 1812; x_wconf 88' lang='lat' dir='ltr'>pauperibus</span> <span class='ocrx_word' id='word_1_123' title='bbox 2939 1729 3243 1793; x_wconf 70' lang='lat' dir='ltr'>distributa</span> <span class='ocrx_word' id='word_1_124' title='bbox 3268 1730 3602 1824; x_wconf 71' lang='lat' dir='ltr'>amiserint,</span> 
     </span>
     <span class='ocr_line' id='line_1_14' title="bbox 663 1815 3603 1936; baseline -0.001 -21"><span class='ocrx_word' id='word_1_125' title='bbox 663 1854 1150 1936; x_wconf 83' lang='lat' dir='ltr'>quemadmodum</span> <span class='ocrx_word' id='word_1_126' title='bbox 1188 1815 1357 1916; x_wconf 46' lang='lat' dir='ltr'>valo&#39;r</span> <span class='ocrx_word' id='word_1_127' title='bbox 1393 1851 1751 1933; x_wconf 86' lang='lat' dir='ltr'>quarundam</span> <span class='ocrx_word' id='word_1_128' title='bbox 1790 1850 2204 1933; x_wconf 89' lang='lat' dir='ltr'>praestantium</span> <span class='ocrx_word' id='word_1_129' title='bbox 2250 1870 2451 1911; x_wconf 89' lang='lat' dir='ltr'>rerum</span> <span class='ocrx_word' id='word_1_130' title='bbox 2495 1862 2672 1930; x_wconf 83' lang='lat' dir='ltr'>atque</span> <span class='ocrx_word' id='word_1_131' title='bbox 2714 1849 3027 1913; x_wconf 82' lang='lat' dir='ltr'>auctoritas</span> <span class='ocrx_word' id='word_1_132' title='bbox 3075 1849 3230 1913; x_wconf 85' lang='lat' dir='ltr'>haud</span> <span class='ocrx_word' id='word_1_133' title='bbox 3282 1848 3603 1912; x_wconf 69' lang='lat' dir='ltr'>destruitur</span> 
     </span>
     <span class='ocr_line' id='line_1_15' title="bbox 661 1966 3601 2050; baseline -0.002 -13"><span class='ocrx_word' id='word_1_134' title='bbox 661 1972 772 2037; x_wconf 87' lang='lat' dir='ltr'>etsi</span> <span class='ocrx_word' id='word_1_135' title='bbox 813 1993 1012 2035; x_wconf 89' lang='lat' dir='ltr'>earum</span> <span class='ocrx_word' id='word_1_136' title='bbox 1046 1972 1133 2037; x_wconf 78' lang='lat' dir='ltr'>vis</span> <span class='ocrx_word' id='word_1_137' title='bbox 1168 1984 1231 2035; x_wconf 92' lang='lat' dir='ltr'>et</span> <span class='ocrx_word' id='word_1_138' title='bbox 1265 1972 1448 2033; x_wconf 80' lang='lat' dir='ltr'>virtus</span> <span class='ocrx_word' id='word_1_139' title='bbox 1486 1969 1784 2032; x_wconf 83' lang='lat' dir='ltr'>debilitata</span> <span class='ocrx_word' id='word_1_140' title='bbox 1811 1970 1904 2032; x_wconf 92' lang='lat' dir='ltr'>sit.</span> <span class='ocrx_word' id='word_1_141' title='bbox 1981 1966 2240 2030; x_wconf 84' lang='lat' dir='ltr'>Scholiis</span> <span class='ocrx_word' id='word_1_142' title='bbox 2277 1978 2438 2030; x_wconf 90' lang='lat' dir='ltr'>earet</span> <span class='ocrx_word' id='word_1_143' title='bbox 2468 1988 2691 2046; x_wconf 78' lang='lat' dir='ltr'>versus,</span> <span class='ocrx_word' id='word_1_144' title='bbox 2726 1967 2828 2050; x_wconf 86' lang='lat' dir='ltr'>qui</span> <span class='ocrx_word' id='word_1_145' title='bbox 2864 1968 2927 2030; x_wconf 94' lang='lat' dir='ltr'>in</span> <span class='ocrx_word' id='word_1_146' title='bbox 2966 1968 3291 2031; x_wconf 89' lang='lat' dir='ltr'>lectionum</span> <span class='ocrx_word' id='word_1_147' title='bbox 3320 1968 3601 2032; x_wconf 77' lang='lat' dir='ltr'>varietate</span> 
     </span>
     <span class='ocr_line' id='line_1_16' title="bbox 664 2084 3601 2171; baseline -0.002 -19"><span class='ocrx_word' id='word_1_148' title='bbox 664 2091 837 2153; x_wconf 89' lang='lat' dir='ltr'>simul</span> <span class='ocrx_word' id='word_1_149' title='bbox 863 2102 952 2152; x_wconf 86' lang='lat' dir='ltr'>est</span> <span class='ocrx_word' id='word_1_150' title='bbox 978 2089 1390 2166; x_wconf 81' lang='lat' dir='ltr'>vexatissimus,</span> <span class='ocrx_word' id='word_1_151' title='bbox 1416 2088 1682 2149; x_wconf 88' lang='lat' dir='ltr'>iudicent</span> <span class='ocrx_word' id='word_1_152' title='bbox 1705 2087 1887 2171; x_wconf 87' lang='lat' dir='ltr'>igitur</span> <span class='ocrx_word' id='word_1_153' title='bbox 1913 2086 2103 2150; x_wconf 89' lang='lat' dir='ltr'>critici</span> <span class='ocrx_word' id='word_1_154' title='bbox 2127 2108 2266 2146; x_wconf 88' lang='lat' dir='ltr'>num</span> <span class='ocrx_word' id='word_1_155' title='bbox 2294 2084 2438 2147; x_wconf 86' lang='lat' dir='ltr'>mihi</span> <span class='ocrx_word' id='word_1_156' title='bbox 2465 2086 2785 2170; x_wconf 82' lang='lat' dir='ltr'>contigerit</span> <span class='ocrx_word' id='word_1_157' title='bbox 2809 2106 3042 2148; x_wconf 88' lang='lat' dir='ltr'>sensum</span> <span class='ocrx_word' id='word_1_158' title='bbox 3069 2086 3288 2167; x_wconf 85' lang='lat' dir='ltr'>ubique</span> <span class='ocrx_word' id='word_1_159' title='bbox 3315 2085 3601 2149; x_wconf 76' lang='lat' dir='ltr'>divinasse</span> 
     </span>
     <span class='ocr_line' id='line_1_17' title="bbox 669 2194 3599 2292; baseline -0.002 -19"><span class='ocrx_word' id='word_1_160' title='bbox 669 2221 732 2273; x_wconf 91' lang='lat' dir='ltr'>et</span> <span class='ocrx_word' id='word_1_161' title='bbox 755 2207 1101 2271; x_wconf 90' lang='lat' dir='ltr'>sententiam</span> <span class='ocrx_word' id='word_1_162' title='bbox 1125 2207 1431 2287; x_wconf 74' lang='lat' dir='ltr'>sanavisse,</span> <span class='ocrx_word' id='word_1_163' title='bbox 1468 2218 1629 2269; x_wconf 90' lang='lat' dir='ltr'>certe</span> <span class='ocrx_word' id='word_1_164' title='bbox 1657 2205 1943 2268; x_wconf 89' lang='lat' dir='ltr'>medelam</span> <span class='ocrx_word' id='word_1_165' title='bbox 1971 2202 2338 2289; x_wconf 84' lang='lat' dir='ltr'>probabilem</span> <span class='ocrx_word' id='word_1_166' title='bbox 2365 2203 2641 2292; x_wconf 70' lang='lat' dir='ltr'>attulisse.</span> <span class='ocrx_word' id='word_1_167' title='bbox 2719 2203 2983 2268; x_wconf 88' lang='lat' dir='ltr'>Primum</span> <span class='ocrx_word' id='word_1_168' title='bbox 3008 2194 3321 2276; x_wconf 59' lang='lat' dir='ltr'>Wffit&#39;z</span> <span class='ocrx_word' id='word_1_169' title='bbox 3348 2216 3416 2268; x_wconf 89' lang='lat' dir='ltr'>ut.</span> <span class='ocrx_word' id='word_1_170' title='bbox 3437 2204 3599 2268; x_wconf 86' lang='lat' dir='ltr'>Edit.</span> 
     </span>
     <span class='ocr_line' id='line_1_18' title="bbox 670 2323 3597 2408; baseline -0.001 -16"><span class='ocrx_word' id='word_1_171' title='bbox 670 2328 929 2406; x_wconf 81' lang='lat' dir='ltr'>exhibet,</span> <span class='ocrx_word' id='word_1_172' title='bbox 963 2344 1086 2388; x_wconf 73' lang='lat' dir='ltr'>cote</span> <span class='ocrx_word' id='word_1_173' title='bbox 1123 2335 1329 2388; x_wconf 49' lang='lat' dir='ltr'>allisus</span> <span class='ocrx_word' id='word_1_174' title='bbox 1369 2339 1519 2390; x_wconf 88' lang='lat' dir='ltr'>esset</span> <span class='ocrx_word' id='word_1_175' title='bbox 1555 2331 1924 2395; x_wconf 74' lang='lat' dir='ltr'>ac&#39;detritus,</span> <span class='ocrx_word' id='word_1_176' title='bbox 1959 2326 2122 2407; x_wconf 89' lang='lat' dir='ltr'>quod</span> <span class='ocrx_word' id='word_1_177' title='bbox 2162 2337 2355 2387; x_wconf 90' lang='lat' dir='ltr'>tamen</span> <span class='ocrx_word' id='word_1_178' title='bbox 2392 2325 2467 2387; x_wconf 90' lang='lat' dir='ltr'>de</span> <span class='ocrx_word' id='word_1_179' title='bbox 2504 2345 2648 2387; x_wconf 88' lang='lat' dir='ltr'>auro</span> <span class='ocrx_word' id='word_1_180' title='bbox 2689 2324 2884 2407; x_wconf 88' lang='lat' dir='ltr'>potius</span> <span class='ocrx_word' id='word_1_181' title='bbox 2923 2325 3173 2400; x_wconf 77' lang='lat' dir='ltr'>valeret3</span> <span class='ocrx_word' id='word_1_182' title='bbox 3208 2325 3282 2387; x_wconf 89' lang='lat' dir='ltr'>de</span> <span class='ocrx_word' id='word_1_183' title='bbox 3307 2323 3597 2408; x_wconf 82' lang='lat' dir='ltr'>lapidibus</span> 
     </span>
     <span class='ocr_line' id='line_1_19' title="bbox 670 2428 3595 2531; baseline -0.002 -20"><span class='ocrx_word' id='word_1_184' title='bbox 670 2446 942 2531; x_wconf 85' lang='lat' dir='ltr'>pretiosis</span> <span class='ocrx_word' id='word_1_185' title='bbox 978 2466 1054 2509; x_wconf 90' lang='lat' dir='ltr'>ne</span> <span class='ocrx_word' id='word_1_186' title='bbox 1097 2446 1157 2509; x_wconf 93' lang='lat' dir='ltr'>id</span> <span class='ocrx_word' id='word_1_187' title='bbox 1193 2445 1428 2527; x_wconf 89' lang='lat' dir='ltr'>quidem</span> <span class='ocrx_word' id='word_1_188' title='bbox 1465 2445 1582 2509; x_wconf 91' lang='lat' dir='ltr'>dici</span> <span class='ocrx_word' id='word_1_189' title='bbox 1619 2458 1816 2530; x_wconf 90' lang='lat' dir='ltr'>potest</span> <span class='ocrx_word' id='word_1_190' title='bbox 1851 2445 2010 2527; x_wconf 90' lang='lat' dir='ltr'>quod</span> <span class='ocrx_word' id='word_1_191' title='bbox 2037 2443 2334 2530; x_wconf 78' lang='lat' dir='ltr'>Rogerius</span> <span class='ocrx_word' id='word_1_192' title='bbox 2373 2443 2663 2530; x_wconf 79' lang='lat' dir='ltr'>suggerit:</span> <span class='ocrx_word' id='word_1_193' title='bbox 2696 2453 3066 2523; x_wconf 68' lang='lat' dir='ltr'>qu&#39;quu&#39;une</span> <span class='ocrx_word' id='word_1_194' title='bbox 3093 2452 3282 2521; x_wconf 63' lang='lat' dir='ltr'>pierre</span> <span class='ocrx_word' id='word_1_195' title='bbox 3309 2428 3595 2521; x_wconf 69' lang='lat' dir='ltr'>pratense</span> 
     </span>
     <span class='ocr_line' id='line_1_20' title="bbox 669 2536 3596 2658; baseline -0 -31"><span class='ocrx_word' id='word_1_196' title='bbox 669 2574 938 2627; x_wconf 73' lang='lat' dir='ltr'>devs‘enne</span> <span class='ocrx_word' id='word_1_197' title='bbox 965 2577 1102 2642; x_wconf 79' lang='lat' dir='ltr'>plus</span> <span class='ocrx_word' id='word_1_198' title='bbox 1132 2573 1309 2643; x_wconf 74' lang='lat' dir='ltr'>petite</span> <span class='ocrx_word' id='word_1_199' title='bbox 1345 2590 1419 2626; x_wconf 84' lang='lat' dir='ltr'>en</span> <span class='ocrx_word' id='word_1_200' title='bbox 1451 2575 1690 2628; x_wconf 71' lang='lat' dir='ltr'>Pusam.</span> <span class='ocrx_word' id='word_1_201' title='bbox 1767 2568 1993 2627; x_wconf 81' lang='lat' dir='ltr'>Verum</span> <span class='ocrx_word' id='word_1_202' title='bbox 2021 2576 2214 2627; x_wconf 87' lang='lat' dir='ltr'>tamen</span> <span class='ocrx_word' id='word_1_203' title='bbox 2241 2562 2574 2650; x_wconf 82' lang='lat' dir='ltr'>apographa</span> <span class='ocrx_word' id='word_1_204' title='bbox 2600 2555 2909 2658; x_wconf 60' lang='lat' dir='ltr'>ustustsffict</span> <span class='ocrx_word' id='word_1_205' title='bbox 2937 2536 3223 2643; x_wconf 81' lang='lat' dir='ltr'>scribunt,</span> <span class='ocrx_word' id='word_1_206' title='bbox 3258 2564 3363 2626; x_wconf 83' lang='lat' dir='ltr'>sed</span> <span class='ocrx_word' id='word_1_207' title='bbox 3388 2562 3452 2625; x_wconf 93' lang='lat' dir='ltr'>in</span> <span class='ocrx_word' id='word_1_208' title='bbox 3477 2564 3596 2627; x_wconf 87' lang='lat' dir='ltr'>boe</span> 
     </span>
     <span class='ocr_line' id='line_1_21' title="bbox 673 2677 3599 2776; baseline -0.001 -27"><span class='ocrx_word' id='word_1_209' title='bbox 673 2686 872 2751; x_wconf 84' lang='lat' dir='ltr'>denuo</span> <span class='ocrx_word' id='word_1_210' title='bbox 915 2685 1155 2764; x_wconf 88' lang='lat' dir='ltr'>baereo,</span> <span class='ocrx_word' id='word_1_211' title='bbox 1203 2705 1397 2769; x_wconf 86' lang='lat' dir='ltr'>neque</span> <span class='ocrx_word' id='word_1_212' title='bbox 1439 2687 1596 2748; x_wconf 89' lang='lat' dir='ltr'>enim</span> <span class='ocrx_word' id='word_1_213' title='bbox 1634 2692 1894 2755; x_wconf 67' lang='lat' dir='ltr'>rubinas,</span> <span class='ocrx_word' id='word_1_214' title='bbox 1946 2684 2046 2767; x_wconf 86' lang='lat' dir='ltr'>qui</span> <span class='ocrx_word' id='word_1_215' title='bbox 2083 2682 2309 2776; x_wconf 59' lang='grc' dir='ltr'>ςιῆῑπζξῐ</span> <span class='ocrx_word' id='word_1_216' title='bbox 2349 2695 2412 2747; x_wconf 81' lang='lat' dir='ltr'>et</span> <span class='ocrx_word' id='word_1_217' title='bbox 2447 2677 2735 2754; x_wconf 64' lang='grc' dir='ltr'>ἱῆπῐῑῐῖἦτι</span> <span class='ocrx_word' id='word_1_218' title='bbox 2782 2684 2999 2746; x_wconf 88' lang='lat' dir='ltr'>dicitur</span> <span class='ocrx_word' id='word_1_219' title='bbox 3025 2684 3134 2764; x_wconf 84' lang='lat' dir='ltr'>(cl&#39;.</span> <span class='ocrx_word' id='word_1_220' title='bbox 3161 2688 3384 2762; x_wconf 56' lang='lat' dir='ltr'>samo«.</span> <span class='ocrx_word' id='word_1_221' title='bbox 3407 2687 3599 2759; x_wconf 73' lang='lat' dir='ltr'>,Dat-p.</span> 
     </span>
     <span class='ocr_line' id='line_1_22' title="bbox 670 2802 3603 2890; baseline -0.002 -21"><span class='ocrx_word' id='word_1_222' title='bbox 670 2829 730 2890; x_wconf 90' lang='lat' dir='ltr'>p.</span> <span class='ocrx_word' id='word_1_223' title='bbox 753 2808 907 2886; x_wconf 83' lang='lat'>¹21.)</span> <span class='ocrx_word' id='word_1_224' title='bbox 944 2808 1230 2890; x_wconf 86' lang='lat' dir='ltr'>quadrare</span> <span class='ocrx_word' id='word_1_225' title='bbox 1270 2807 1524 2885; x_wconf 82' lang='lat' dir='ltr'>videtur,</span> <span class='ocrx_word' id='word_1_226' title='bbox 1572 2827 1751 2888; x_wconf 87' lang='lat' dir='ltr'>quare</span> <span class='ocrx_word' id='word_1_227' title='bbox 1792 2807 1867 2868; x_wconf 89' lang='lat' dir='ltr'>de</span> <span class='ocrx_word' id='word_1_228' title='bbox 1906 2806 2149 2867; x_wconf 87' lang='lat' dir='ltr'>flumine</span> <span class='ocrx_word' id='word_1_229' title='bbox 2176 2811 2357 2874; x_wconf 79' lang='lat' dir='ltr'>Sena,</span> <span class='ocrx_word' id='word_1_230' title='bbox 2394 2804 2586 2866; x_wconf 91' lang='lat' dir='ltr'>donec</span> <span class='ocrx_word' id='word_1_231' title='bbox 2615 2803 2867 2866; x_wconf 85' lang='lat' dir='ltr'>certiora</span> <span class='ocrx_word' id='word_1_232' title='bbox 2895 2804 3223 2882; x_wconf 82' lang='lat' dir='ltr'>didicerim,</span> <span class='ocrx_word' id='word_1_233' title='bbox 3256 2802 3603 2888; x_wconf 86' lang='lat' dir='ltr'>intelligam,</span> 
     </span>
     <span class='ocr_line' id='line_1_23' title="bbox 670 2921 3607 3008; baseline -0.002 -20"><span class='ocrx_word' id='word_1_234' title='bbox 670 2925 835 2992; x_wconf 86' lang='lat' dir='ltr'>euius</span> <span class='ocrx_word' id='word_1_235' title='bbox 869 2926 1145 2987; x_wconf 84' lang='lat' dir='ltr'>fluctibus</span> <span class='ocrx_word' id='word_1_236' title='bbox 1183 2946 1412 3007; x_wconf 85' lang='lat' dir='ltr'>gemma</span> <span class='ocrx_word' id='word_1_237' title='bbox 1451 2945 1764 3007; x_wconf 90' lang='lat' dir='ltr'>parumper</span> <span class='ocrx_word' id='word_1_238' title='bbox 1801 2924 2108 2986; x_wconf 87' lang='lat' dir='ltr'>deteritur.</span> <span class='ocrx_word' id='word_1_239' title='bbox 2184 2923 2456 2984; x_wconf 81' lang='lat' dir='ltr'>Fluvium</span> <span class='ocrx_word' id='word_1_240' title='bbox 2492 2921 2681 3001; x_wconf 90' lang='lat' dir='ltr'>illum,</span> <span class='ocrx_word' id='word_1_241' title='bbox 2714 2921 2776 2983; x_wconf 89' lang='lat' dir='ltr'>in</span> <span class='ocrx_word' id='word_1_242' title='bbox 2806 2921 3077 3008; x_wconf 89' lang='lat' dir='ltr'>Gangem</span> <span class='ocrx_word' id='word_1_243' title='bbox 3104 2923 3518 2985; x_wconf 87' lang='lat' dir='ltr'>decurrentem</span> <span class='ocrx_word' id='word_1_244' title='bbox 3545 2931 3607 2983; x_wconf 89' lang='lat' dir='ltr'>et</span> 
     </span>
     <span class='ocr_line' id='line_1_24' title="bbox 666 3023 3603 3146; baseline -0.002 -35"><span class='ocrx_word' id='word_1_245' title='bbox 666 3044 746 3111; x_wconf 91' lang='lat' dir='ltr'>ob</span> <span class='ocrx_word' id='word_1_246' title='bbox 783 3045 910 3109; x_wconf 87' lang='lat' dir='ltr'>auri</span> <span class='ocrx_word' id='word_1_247' title='bbox 946 3045 1149 3109; x_wconf 88' lang='lat' dir='ltr'>saltem</span> <span class='ocrx_word' id='word_1_248' title='bbox 1190 3045 1417 3131; x_wconf 86' lang='lat' dir='ltr'>copiam</span> <span class='ocrx_word' id='word_1_249' title='bbox 1448 3044 1757 3132; x_wconf 89' lang='lat' dir='ltr'>insignem,</span> <span class='ocrx_word' id='word_1_250' title='bbox 1792 3046 1948 3109; x_wconf 87' lang='lat' dir='ltr'>unde</span> <span class='ocrx_word' id='word_1_251' title='bbox 1976 3066 2198 3108; x_wconf 89' lang='lat' dir='ltr'>nomen</span> <span class='ocrx_word' id='word_1_252' title='bbox 2225 3044 2395 3108; x_wconf 83' lang='lat' dir='ltr'>traxit</span> <span class='ocrx_word' id='word_1_253' title='bbox 2419 3040 2752 3138; x_wconf 56' lang='grc' dir='ltr'>ἣῖππᾶτῖε</span> <span class='ocrx_word' id='word_1_254' title='bbox 2783 3023 3226 3146; x_wconf 62' lang='grc' dir='ltr'><em>Ἐραννοβόας</em></span> <span class='ocrx_word' id='word_1_255' title='bbox 3264 3046 3349 3126; x_wconf 80' lang='lat' dir='ltr'>(v.</span> <span class='ocrx_word' id='word_1_256' title='bbox 3379 3050 3603 3119; x_wconf 65' lang='lat' dir='ltr'>Scmeg.</span> 
     </span>
     <span class='ocr_line' id='line_1_25' title="bbox 668 3164 3604 3251; baseline -0.001 -19"><span class='ocrx_word' id='word_1_257' title='bbox 668 3167 817 3232; x_wconf 84' lang='lat' dir='ltr'>bibl.</span> <span class='ocrx_word' id='word_1_258' title='bbox 844 3170 1031 3232; x_wconf 89' lang='lat' dir='ltr'>Indic.</span> <span class='ocrx_word' id='word_1_259' title='bbox 1056 3171 1105 3231; x_wconf 91' lang='lat'>1.</span> <span class='ocrx_word' id='word_1_260' title='bbox 1134 3193 1193 3251; x_wconf 87' lang='lat' dir='ltr'>p.</span> <span class='ocrx_word' id='word_1_261' title='bbox 1207 3171 1364 3248; x_wconf 80' lang='lat'>251.)</span> <span class='ocrx_word' id='word_1_262' title='bbox 1392 3168 1610 3250; x_wconf 81' lang='lat' dir='ltr'>lapides</span> <span class='ocrx_word' id='word_1_263' title='bbox 1639 3189 1875 3250; x_wconf 85' lang='lat' dir='ltr'>quoque</span> <span class='ocrx_word' id='word_1_264' title='bbox 1901 3167 2193 3250; x_wconf 90' lang='lat' dir='ltr'>pretiosos</span> <span class='ocrx_word' id='word_1_265' title='bbox 2217 3186 2416 3229; x_wconf 89' lang='lat' dir='ltr'>secum</span> <span class='ocrx_word' id='word_1_266' title='bbox 2445 3164 2625 3244; x_wconf 80' lang='lat' dir='ltr'>serre,</span> <span class='ocrx_word' id='word_1_267' title='bbox 2660 3189 2838 3249; x_wconf 87' lang='lat' dir='ltr'>quum</span> <span class='ocrx_word' id='word_1_268' title='bbox 2866 3179 2988 3230; x_wconf 85' lang='lat' dir='ltr'>tota&#39;</span> <span class='ocrx_word' id='word_1_269' title='bbox 3018 3167 3144 3230; x_wconf 81' lang='lat' dir='ltr'>sere</span> <span class='ocrx_word' id='word_1_270' title='bbox 3170 3166 3339 3230; x_wconf 87' lang='lat' dir='ltr'>India</span> <span class='ocrx_word' id='word_1_271' title='bbox 3362 3166 3604 3229; x_wconf 89' lang='lat' dir='ltr'>illorum</span> 
     </span>
     <span class='ocr_line' id='line_1_26' title="bbox 671 3268 3600 3370; baseline -0.002 -18"><span class='ocrx_word' id='word_1_272' title='bbox 671 3288 748 3353; x_wconf 89' lang='lat' dir='ltr'>sit</span> <span class='ocrx_word' id='word_1_273' title='bbox 784 3286 963 3366; x_wconf 78' lang='lat' dir='ltr'>ferax,</span> <span class='ocrx_word' id='word_1_274' title='bbox 996 3286 1092 3348; x_wconf 80' lang='lat' dir='ltr'>vix</span> <span class='ocrx_word' id='word_1_275' title='bbox 1130 3298 1218 3350; x_wconf 90' lang='lat' dir='ltr'>est</span> <span class='ocrx_word' id='word_1_276' title='bbox 1257 3285 1656 3350; x_wconf 86' lang='lat' dir='ltr'>dubitandum.</span> <span class='ocrx_word' id='word_1_277' title='bbox 1733 3268 1890 3349; x_wconf 72' lang='lat' dir='ltr'>Dein</span> <span class='ocrx_word' id='word_1_278' title='bbox 1929 3308 2038 3370; x_wconf 90' lang='lat' dir='ltr'>pro</span> <span class='ocrx_word' id='word_1_279' title='bbox 2073 3274 2362 3368; x_wconf 57' lang='grc' dir='ltr'>ὲΕῐΕι-ξπι</span> <span class='ocrx_word' id='word_1_280' title='bbox 2392 3306 2463 3348; x_wconf 85' lang='lat' dir='ltr'>ex</span> <span class='ocrx_word' id='word_1_281' title='bbox 2493 3284 2642 3348; x_wconf 90' lang='lat' dir='ltr'>Cod.</span> <span class='ocrx_word' id='word_1_282' title='bbox 2660 3287 2729 3348; x_wconf 85' lang='grc' dir='ltr'>Β.</span> <span class='ocrx_word' id='word_1_283' title='bbox 2756 3274 3057 3367; x_wconf 61' lang='grc' dir='ltr'>ὲῆζίέιπι</span> <span class='ocrx_word' id='word_1_284' title='bbox 3086 3285 3307 3370; x_wconf 85' lang='lat' dir='ltr'>recepi,</span> <span class='ocrx_word' id='word_1_285' title='bbox 3343 3286 3473 3368; x_wconf 88' lang='lat' dir='ltr'>quia</span> <span class='ocrx_word' id='word_1_286' title='bbox 3499 3282 3600 3351; x_wconf 57' lang='lat' dir='ltr'>f}-</span> 
     </span>
     <span class='ocr_line' id='line_1_27' title="bbox 673 3383 3598 3491; baseline -0.001 -22"><span class='ocrx_word' id='word_1_287' title='bbox 673 3422 782 3488; x_wconf 59' lang='grc' dir='ltr'>ξπε</span> <span class='ocrx_word' id='word_1_288' title='bbox 812 3406 1051 3489; x_wconf 90' lang='lat' dir='ltr'>proprie</span> <span class='ocrx_word' id='word_1_289' title='bbox 1075 3413 1326 3468; x_wconf 65' lang='lat' dir='ltr'>occisum</span> <span class='ocrx_word' id='word_1_290' title='bbox 1350 3407 1637 3491; x_wconf 85' lang='lat' dir='ltr'>significat</span> <span class='ocrx_word' id='word_1_291' title='bbox 1663 3419 1722 3467; x_wconf 90' lang='lat' dir='ltr'>et</span> <span class='ocrx_word' id='word_1_292' title='bbox 1747 3407 1807 3467; x_wconf 93' lang='lat' dir='ltr'>in</span> <span class='ocrx_word' id='word_1_293' title='bbox 1836 3405 1953 3468; x_wconf 84' lang='lat' dir='ltr'>hoc</span> <span class='ocrx_word' id='word_1_294' title='bbox 1980 3418 2182 3468; x_wconf 89' lang='lat' dir='ltr'>nostro</span> <span class='ocrx_word' id='word_1_295' title='bbox 2208 3406 2345 3468; x_wconf 91' lang='lat' dir='ltr'>loco</span> <span class='ocrx_word' id='word_1_296' title='bbox 2372 3383 2714 3490; x_wconf 75' lang='lat' dir='ltr'>ambiguitas</span> <span class='ocrx_word' id='word_1_297' title='bbox 2739 3418 2901 3468; x_wconf 88' lang='lat' dir='ltr'>certe</span> <span class='ocrx_word' id='word_1_298' title='bbox 2928 3406 3187 3469; x_wconf 86' lang='lat' dir='ltr'>tollenda</span> <span class='ocrx_word' id='word_1_299' title='bbox 3214 3416 3357 3467; x_wconf 88' lang='lat' dir='ltr'>erat.</span> <span class='ocrx_word' id='word_1_300' title='bbox 3430 3406 3598 3467; x_wconf 89' lang='lat' dir='ltr'>Idem</span> 
     </span>
    </p>
   </div>
   <div class='ocr_carea' id='block_1_7' title="bbox 671 3511 3602 3842">
    <p class='ocr_par' dir='ltr' id='par_1_8' title="bbox 671 3511 3602 3842">
     <span class='ocr_line' id='line_1_28' title="bbox 678 3511 3599 3614; baseline -0.001 -27"><span class='ocrx_word' id='word_1_301' title='bbox 678 3524 853 3602; x_wconf 90' lang='lat' dir='ltr'>Cod.,</span> <span class='ocrx_word' id='word_1_302' title='bbox 888 3524 1066 3585; x_wconf 90' lang='lat' dir='ltr'>multa</span> <span class='ocrx_word' id='word_1_303' title='bbox 1105 3536 1171 3586; x_wconf 90' lang='lat' dir='ltr'>ut</span> <span class='ocrx_word' id='word_1_304' title='bbox 1207 3524 1508 3605; x_wconf 91' lang='lat' dir='ltr'>scriptoris</span> <span class='ocrx_word' id='word_1_305' title='bbox 1544 3535 1729 3585; x_wconf 91' lang='lat' dir='ltr'>errata</span> <span class='ocrx_word' id='word_1_306' title='bbox 1768 3538 2078 3600; x_wconf 86' lang='lat' dir='ltr'>taceamus,</span> <span class='ocrx_word' id='word_1_307' title='bbox 2110 3518 2272 3614; x_wconf 60' lang='grc' dir='ltr'>πῖἣ</span> <span class='ocrx_word' id='word_1_308' title='bbox 2307 3534 2366 3584; x_wconf 88' lang='lat' dir='ltr'>et</span> <span class='ocrx_word' id='word_1_309' title='bbox 2401 3543 2548 3604; x_wconf 88' lang='lat' dir='ltr'>quae</span> <span class='ocrx_word' id='word_1_310' title='bbox 2573 3536 2897 3603; x_wconf 85' lang='lat' dir='ltr'>sequuntur</span> <span class='ocrx_word' id='word_1_311' title='bbox 2926 3523 3252 3606; x_wconf 83' lang='lat' dir='ltr'>transponit</span> <span class='ocrx_word' id='word_1_312' title='bbox 3277 3544 3410 3584; x_wconf 88' lang='lat' dir='ltr'>cum</span> <span class='ocrx_word' id='word_1_313' title='bbox 3433 3511 3599 3612; x_wconf 52' lang='lat'>51}-</span> 
     </span>
     <span class='ocr_line' id='line_1_29' title="bbox 673 3636 3602 3733; baseline -0 -32"><span class='ocrx_word' id='word_1_314' title='bbox 673 3636 833 3718; x_wconf 63' lang='lat' dir='ltr'>mrfi:</span> <span class='ocrx_word' id='word_1_315' title='bbox 868 3660 938 3702; x_wconf 82' lang='lat' dir='ltr'>ex</span> <span class='ocrx_word' id='word_1_316' title='bbox 976 3641 1344 3702; x_wconf 83' lang='lat' dir='ltr'>hemistichio</span> <span class='ocrx_word' id='word_1_317' title='bbox 1385 3641 1679 3715; x_wconf 77' lang='lat' dir='ltr'>secund03</span> <span class='ocrx_word' id='word_1_318' title='bbox 1710 3658 1875 3731; x_wconf 66' lang='grc' dir='ltr'>πῖζτ</span> <span class='ocrx_word' id='word_1_319' title='bbox 1915 3639 2158 3702; x_wconf 75' lang='lat' dir='ltr'>Cod.A.</span> <span class='ocrx_word' id='word_1_320' title='bbox 2183 3639 2558 3722; x_wconf 88' lang='lat' dir='ltr'>proponit·et</span> <span class='ocrx_word' id='word_1_321' title='bbox 2583 3662 2715 3702; x_wconf 89' lang='lat' dir='ltr'>cum</span> <span class='ocrx_word' id='word_1_322' title='bbox 2739 3637 2917 3733; x_wconf 64' lang='grc' dir='ltr'>ειῆπι</span> <span class='ocrx_word' id='word_1_323' title='bbox 2948 3653 3150 3703; x_wconf 87' lang='lat' dir='ltr'>contra</span> <span class='ocrx_word' id='word_1_324' title='bbox 3175 3652 3426 3702; x_wconf 82' lang='lat' dir='ltr'>metrum</span> <span class='ocrx_word' id='word_1_325' title='bbox 3454 3660 3602 3703; x_wconf 84' lang='lat' dir='ltr'>con·</span> 
     </span>
     <span class='ocr_line' id='line_1_30' title="bbox 671 3756 3601 3842; baseline 0.001 -23"><span class='ocrx_word' id='word_1_326' title='bbox 671 3756 884 3842; x_wconf 88' lang='lat' dir='ltr'>iungit.</span> <span class='ocrx_word' id='word_1_327' title='bbox 960 3757 1272 3820; x_wconf 88' lang='lat' dir='ltr'>Pertinent</span> <span class='ocrx_word' id='word_1_328' title='bbox 1309 3757 1455 3820; x_wconf 85' lang='lat' dir='ltr'>baec</span> <span class='ocrx_word' id='word_1_329' title='bbox 1491 3758 1562 3820; x_wconf 92' lang='lat' dir='ltr'>ad</span> <span class='ocrx_word' id='word_1_330' title='bbox 1599 3758 1906 3819; x_wconf 86' lang='lat' dir='ltr'>fluminum</span> <span class='ocrx_word' id='word_1_331' title='bbox 1942 3757 2285 3820; x_wconf 90' lang='lat' dir='ltr'>Indicorum</span> <span class='ocrx_word' id='word_1_332' title='bbox 2322 3757 2553 3836; x_wconf 80' lang='lat' dir='ltr'>faciem,</span> <span class='ocrx_word' id='word_1_333' title='bbox 2586 3770 2856 3842; x_wconf 90' lang='lat' dir='ltr'>tempore</span> <span class='ocrx_word' id='word_1_334' title='bbox 2882 3757 3111 3841; x_wconf 81' lang='lat' dir='ltr'>pluviae</span> <span class='ocrx_word' id='word_1_335' title='bbox 3138 3780 3375 3842; x_wconf 89' lang='lat' dir='ltr'>prorsus</span> <span class='ocrx_word' id='word_1_336' title='bbox 3396 3776 3601 3841; x_wconf 89' lang='lat' dir='ltr'>saepe·</span> 
     </span>
    </p>
   </div>
   <div class='ocr_carea' id='block_1_8' title="bbox 675 3872 3602 4932">
    <p class='ocr_par' dir='ltr' id='par_1_9' title="bbox 675 3872 3602 4932">
     <span class='ocr_line' id='line_1_31' title="bbox 678 3872 3595 3973; baseline -0 -33"><span class='ocrx_word' id='word_1_337' title='bbox 678 3897 928 3940; x_wconf 88' lang='lat' dir='ltr'>numero</span> <span class='ocrx_word' id='word_1_338' title='bbox 965 3889 1261 3956; x_wconf 89' lang='lat' dir='ltr'>mutatam,</span> <span class='ocrx_word' id='word_1_339' title='bbox 1293 3876 1415 3941; x_wconf 83' lang='lat' dir='ltr'>sive</span> <span class='ocrx_word' id='word_1_340' title='bbox 1450 3889 1518 3941; x_wconf 87' lang='lat' dir='ltr'>ut</span> <span class='ocrx_word' id='word_1_341' title='bbox 1542 3889 1630 3941; x_wconf 92' lang='lat' dir='ltr'>est</span> <span class='ocrx_word' id='word_1_342' title='bbox 1653 3880 1715 3940; x_wconf 88' lang='lat' dir='ltr'>in</span> <span class='ocrx_word' id='word_1_343' title='bbox 1749 3884 2224 3941; x_wconf 70' lang='lat' dir='ltr'>Uttarardtnacle.</span> <span class='ocrx_word' id='word_1_344' title='bbox 2250 3902 2307 3962; x_wconf 89' lang='lat' dir='ltr'>p.</span> <span class='ocrx_word' id='word_1_345' title='bbox 2322 3890 2431 3943; x_wconf 85' lang='lat'>35.:</span> <span class='ocrx_word' id='word_1_346' title='bbox 2454 3894 2572 3971; x_wconf 58' lang='grc' dir='ltr'>ΞΠ</span> <span class='ocrx_word' id='word_1_347' title='bbox 2607 3896 2695 3945; x_wconf 64' lang='grc' dir='ltr'>αῖ</span> <span class='ocrx_word' id='word_1_348' title='bbox 2726 3872 2861 3945; x_wconf 55' lang='lat' dir='ltr'>nfra:</span> <span class='ocrx_word' id='word_1_349' title='bbox 2898 3875 3185 3973; x_wconf 55' lang='lat' dir='ltr'>gffiwffin</span> <span class='ocrx_word' id='word_1_350' title='bbox 3217 3896 3308 3946; x_wconf 63' lang='grc' dir='ltr'>ΗΞ</span> <span class='ocrx_word' id='word_1_351' title='bbox 3342 3874 3527 3970; x_wconf 55' lang='lat' dir='ltr'>nstv-st</span> <span class='ocrx_word' id='word_1_352' title='bbox 3567 3896 3595 3939; x_wconf 78' lang='lat' dir='ltr'>a</span> 
     </span>
     <span class='ocr_line' id='line_1_32' title="bbox 682 3995 3601 4082; baseline -0.001 -23"><span class='ocrx_word' id='word_1_353' title='bbox 682 3995 829 4059; x_wconf 87' lang='lat' dir='ltr'>dicit</span> <span class='ocrx_word' id='word_1_354' title='bbox 869 4016 1014 4081; x_wconf 89' lang='lat' dir='ltr'>ergo</span> <span class='ocrx_word' id='word_1_355' title='bbox 1048 3998 1268 4059; x_wconf 88' lang='lat' dir='ltr'>flumen</span> <span class='ocrx_word' id='word_1_356' title='bbox 1309 3997 1496 4080; x_wconf 87' lang='lat' dir='ltr'>ipsum</span> <span class='ocrx_word' id='word_1_357' title='bbox 1535 4018 1775 4062; x_wconf 87' lang='lat' dir='ltr'>manere</span> <span class='ocrx_word' id='word_1_358' title='bbox 1815 3997 1924 4061; x_wconf 89' lang='lat' dir='ltr'>etsi</span> <span class='ocrx_word' id='word_1_359' title='bbox 1963 4019 2074 4082; x_wconf 90' lang='lat' dir='ltr'>per</span> <span class='ocrx_word' id='word_1_360' title='bbox 2108 3997 2434 4061; x_wconf 86' lang='lat' dir='ltr'>alluviones</span> <span class='ocrx_word' id='word_1_361' title='bbox 2473 3998 2808 4060; x_wconf 89' lang='lat' dir='ltr'>detrimenti</span> <span class='ocrx_word' id='word_1_362' title='bbox 2844 3999 3063 4081; x_wconf 85' lang='lat' dir='ltr'>aliquid</span> <span class='ocrx_word' id='word_1_363' title='bbox 3089 3999 3334 4081; x_wconf 89' lang='lat' dir='ltr'>ceperit,</span> <span class='ocrx_word' id='word_1_364' title='bbox 3365 3997 3513 4061; x_wconf 90' lang='lat' dir='ltr'>sicut</span> <span class='ocrx_word' id='word_1_365' title='bbox 3537 3996 3601 4058; x_wconf 89' lang='lat' dir='ltr'>in</span> 
     </span>
     <span class='ocr_line' id='line_1_33' title="bbox 677 4113 3601 4203; baseline 0 -27"><span class='ocrx_word' id='word_1_366' title='bbox 677 4115 1162 4178; x_wconf 86' lang='lat' dir='ltr'>antecedentibus</span> <span class='ocrx_word' id='word_1_367' title='bbox 1214 4113 1538 4199; x_wconf 83' lang='lat' dir='ltr'>elephantis</span> <span class='ocrx_word' id='word_1_368' title='bbox 1576 4117 1838 4180; x_wconf 70' lang='lat' dir='ltr'>valorem</span> <span class='ocrx_word' id='word_1_369' title='bbox 1879 4138 2002 4179; x_wconf 88' lang='lat' dir='ltr'>non</span> <span class='ocrx_word' id='word_1_370' title='bbox 2042 4116 2307 4178; x_wconf 89' lang='lat' dir='ltr'>imminui</span> <span class='ocrx_word' id='word_1_371' title='bbox 2347 4116 2431 4179; x_wconf 89' lang='lat' dir='ltr'>ait</span> <span class='ocrx_word' id='word_1_372' title='bbox 2466 4117 2693 4180; x_wconf 86' lang='lat' dir='ltr'>tametsi</span> <span class='ocrx_word' id='word_1_373' title='bbox 2729 4117 2961 4203; x_wconf 88' lang='lat' dir='ltr'>urigine</span> <span class='ocrx_word' id='word_1_374' title='bbox 3000 4139 3123 4180; x_wconf 89' lang='lat' dir='ltr'>non</span> <span class='ocrx_word' id='word_1_375' title='bbox 3160 4116 3402 4199; x_wconf 88' lang='lat' dir='ltr'>amplius</span> <span class='ocrx_word' id='word_1_376' title='bbox 3439 4113 3601 4177; x_wconf 79' lang='lat' dir='ltr'>tacti.</span> 
     </span>
     <span class='ocr_line' id='line_1_34' title="bbox 676 4225 3602 4319; baseline 0 -27"><span class='ocrx_word' id='word_1_377' title='bbox 676 4225 918 4293; x_wconf 87' lang='lat' dir='ltr'>Initium</span> <span class='ocrx_word' id='word_1_378' title='bbox 942 4231 1298 4295; x_wconf 78' lang='lat' dir='ltr'>hemistichii</span> <span class='ocrx_word' id='word_1_379' title='bbox 1335 4234 1572 4297; x_wconf 89' lang='lat' dir='ltr'>alterius</span> <span class='ocrx_word' id='word_1_380' title='bbox 1612 4236 1683 4297; x_wconf 89' lang='lat' dir='ltr'>ad</span> <span class='ocrx_word' id='word_1_381' title='bbox 1726 4236 1898 4298; x_wconf 88' lang='lat' dir='ltr'>lunae</span> <span class='ocrx_word' id='word_1_382' title='bbox 1935 4235 2140 4319; x_wconf 84' lang='lat' dir='ltr'>phases</span> <span class='ocrx_word' id='word_1_383' title='bbox 2177 4236 2457 4318; x_wconf 91' lang='lat' dir='ltr'>pertinet,</span> <span class='ocrx_word' id='word_1_384' title='bbox 2493 4256 2639 4317; x_wconf 86' lang='lat' dir='ltr'>quae</span> <span class='ocrx_word' id='word_1_385' title='bbox 2682 4236 2877 4298; x_wconf 88' lang='lat' dir='ltr'>lunam</span> <span class='ocrx_word' id='word_1_386' title='bbox 2911 4236 3089 4319; x_wconf 90' lang='lat' dir='ltr'>ipsam</span> <span class='ocrx_word' id='word_1_387' title='bbox 3115 4257 3238 4299; x_wconf 93' lang='lat' dir='ltr'>non</span> <span class='ocrx_word' id='word_1_388' title='bbox 3264 4233 3602 4306; x_wconf 64' lang='lat' dir='ltr'>debilitant,</span> 
     </span>
     <span class='ocr_line' id='line_1_35' title="bbox 676 4328 3601 4442; baseline -0.001 -25"><span class='ocrx_word' id='word_1_389' title='bbox 676 4340 789 4417; x_wconf 50' lang='lat' dir='ltr'>{tm</span> <span class='ocrx_word' id='word_1_390' title='bbox 830 4352 1183 4435; x_wconf 88' lang='lat' dir='ltr'>scripsimus,</span> <span class='ocrx_word' id='word_1_391' title='bbox 1227 4350 1534 4419; x_wconf 76' lang='lat' dir='ltr'>Auusvaro</span> <span class='ocrx_word' id='word_1_392' title='bbox 1576 4354 1795 4419; x_wconf 88' lang='lat' dir='ltr'>deleto.</span> <span class='ocrx_word' id='word_1_393' title='bbox 1889 4328 2283 4421; x_wconf 52' lang='lat' dir='ltr'>&#39;Enunciatum</span> <span class='ocrx_word' id='word_1_394' title='bbox 2322 4375 2572 4439; x_wconf 86' lang='lat' dir='ltr'>sequens</span> <span class='ocrx_word' id='word_1_395' title='bbox 2609 4356 2963 4442; x_wconf 87' lang='lat' dir='ltr'>singularem</span> <span class='ocrx_word' id='word_1_396' title='bbox 3001 4355 3172 4421; x_wconf 88' lang='lat' dir='ltr'>simul</span> <span class='ocrx_word' id='word_1_397' title='bbox 3211 4377 3278 4419; x_wconf 89' lang='lat' dir='ltr'>ac</span> <span class='ocrx_word' id='word_1_398' title='bbox 3314 4350 3601 4439; x_wconf 87' lang='lat' dir='ltr'>pluralem</span> 
     </span>
     <span class='ocr_line' id='line_1_36' title="bbox 678 4473 3601 4561; baseline 0 -27"><span class='ocrx_word' id='word_1_399' title='bbox 678 4493 991 4536; x_wconf 79' lang='lat' dir='ltr'>nnmerum</span> <span class='ocrx_word' id='word_1_400' title='bbox 1031 4473 1301 4554; x_wconf 88' lang='lat' dir='ltr'>admittit,</span> <span class='ocrx_word' id='word_1_401' title='bbox 1341 4476 1719 4559; x_wconf 88' lang='lat' dir='ltr'>praetulimus</span> <span class='ocrx_word' id='word_1_402' title='bbox 1757 4477 2054 4561; x_wconf 91' lang='lat' dir='ltr'>priorem,</span> <span class='ocrx_word' id='word_1_403' title='bbox 2099 4498 2299 4543; x_wconf 90' lang='lat' dir='ltr'>sensus</span> <span class='ocrx_word' id='word_1_404' title='bbox 2337 4491 2531 4543; x_wconf 90' lang='lat' dir='ltr'>autem</span> <span class='ocrx_word' id='word_1_405' title='bbox 2574 4478 2700 4542; x_wconf 79' lang='lat' dir='ltr'>sere</span> <span class='ocrx_word' id='word_1_406' title='bbox 2728 4490 2816 4543; x_wconf 90' lang='lat' dir='ltr'>est</span> <span class='ocrx_word' id='word_1_407' title='bbox 2855 4490 2922 4542; x_wconf 91' lang='lat' dir='ltr'>ut</span> <span class='ocrx_word' id='word_1_408' title='bbox 2961 4478 3022 4540; x_wconf 90' lang='lat' dir='ltr'>in</span> <span class='ocrx_word' id='word_1_409' title='bbox 3057 4483 3374 4539; x_wconf 70' lang='lat' dir='ltr'>Proverbiis</span> <span class='ocrx_word' id='word_1_410' title='bbox 3400 4481 3601 4551; x_wconf 81' lang='lat'>30,¹9.</span> 
     </span>
     <span class='ocr_line' id='line_1_37' title="bbox 675 4584 3599 4692; baseline -0.002 -32"><span class='ocrx_word' id='word_1_411' title='bbox 675 4584 910 4660; x_wconf 59' lang='lat' dir='ltr'>mbr:</span> <span class='ocrx_word' id='word_1_412' title='bbox 945 4604 1116 4661; x_wconf 54' lang='lat' dir='ltr'>amn</span> <span class='ocrx_word' id='word_1_413' title='bbox 1150 4605 1274 4679; x_wconf 75' lang='grc' dir='ltr'>ΤΠ</span> <span class='ocrx_word' id='word_1_414' title='bbox 1307 4619 1428 4661; x_wconf 90' lang='lat' dir='ltr'>non</span> <span class='ocrx_word' id='word_1_415' title='bbox 1456 4598 1610 4662; x_wconf 85' lang='lat' dir='ltr'>cnim&#39;</span> <span class='ocrx_word' id='word_1_416' title='bbox 1638 4599 1836 4683; x_wconf 88' lang='lat' dir='ltr'>prodit</span> <span class='ocrx_word' id='word_1_417' title='bbox 1860 4620 1922 4663; x_wconf 90' lang='lat' dir='ltr'>se</span> <span class='ocrx_word' id='word_1_418' title='bbox 1952 4622 2085 4663; x_wconf 93' lang='lat' dir='ltr'>cum</span> <span class='ocrx_word' id='word_1_419' title='bbox 2111 4599 2240 4664; x_wconf 81' lang='lat' dir='ltr'>viro</span> <span class='ocrx_word' id='word_1_420' title='bbox 2266 4622 2392 4664; x_wconf 90' lang='lat' dir='ltr'>rem</span> <span class='ocrx_word' id='word_1_421' title='bbox 2418 4600 2704 4665; x_wconf 89' lang='lat' dir='ltr'>babuisse.</span> <span class='ocrx_word' id='word_1_422' title='bbox 2767 4600 2891 4664; x_wconf 89' lang='lat' dir='ltr'>Pro</span> <span class='ocrx_word' id='word_1_423' title='bbox 2916 4596 3057 4692; x_wconf 61' lang='lat' dir='ltr'>{3²13ss</span> <span class='ocrx_word' id='word_1_424' title='bbox 3081 4599 3142 4661; x_wconf 93' lang='lat' dir='ltr'>in</span> <span class='ocrx_word' id='word_1_425' title='bbox 3172 4592 3415 4660; x_wconf 82' lang='lat' dir='ltr'>Cod.A.</span> <span class='ocrx_word' id='word_1_426' title='bbox 3441 4588 3599 4683; x_wconf 59' lang='lat'>&amp;¹312</span> 
     </span>
     <span class='ocr_line' id='line_1_38' title="bbox 685 4712 3601 4812; baseline -0.002 -34"><span class='ocrx_word' id='word_1_427' title='bbox 685 4727 886 4795; x_wconf 77' lang='lat' dir='ltr'>exstat,</span> <span class='ocrx_word' id='word_1_428' title='bbox 939 4738 1058 4799; x_wconf 88' lang='lat' dir='ltr'>quo</span> <span class='ocrx_word' id='word_1_429' title='bbox 1112 4718 1356 4781; x_wconf 76' lang='lat' dir='ltr'>forsitan</span> <span class='ocrx_word' id='word_1_430' title='bbox 1409 4737 1543 4812; x_wconf 54' lang='grc' dir='ltr'>ἕψε</span> <span class='ocrx_word' id='word_1_431' title='bbox 1597 4728 1866 4781; x_wconf 70' lang='lat' dir='ltr'>inclinatu·</span> <span class='ocrx_word' id='word_1_432' title='bbox 1904 4720 2230 4806; x_wconf 85' lang='lat' dir='ltr'>significare</span> <span class='ocrx_word' id='word_1_433' title='bbox 2271 4722 2464 4785; x_wconf 76' lang='lat' dir='ltr'>voluit</span> <span class='ocrx_word' id='word_1_434' title='bbox 2500 4723 2770 4806; x_wconf 89' lang='lat' dir='ltr'>scriptor,</span> <span class='ocrx_word' id='word_1_435' title='bbox 2827 4720 3136 4784; x_wconf 81' lang='lat' dir='ltr'>serendum</span> <span class='ocrx_word' id='word_1_436' title='bbox 3176 4736 3314 4779; x_wconf 87' lang='lat' dir='ltr'>sane</span> <span class='ocrx_word' id='word_1_437' title='bbox 3347 4712 3601 4778; x_wconf 78' lang='lat' dir='ltr'>vocabu·</span> 
     </span>
     <span class='ocr_line' id='line_1_39' title="bbox 681 4831 3594 4932; baseline -0.002 -36"><span class='ocrx_word' id='word_1_438' title='bbox 681 4832 823 4918; x_wconf 85' lang='lat' dir='ltr'>lum,</span> <span class='ocrx_word' id='word_1_439' title='bbox 847 4836 949 4899; x_wconf 91' lang='lat' dir='ltr'>sed</span> <span class='ocrx_word' id='word_1_440' title='bbox 973 4838 1429 4919; x_wconf 80' lang='lat' dir='ltr'>praeferendum</span> <span class='ocrx_word' id='word_1_441' title='bbox 1456 4840 1690 4903; x_wconf 78' lang='lat' dir='ltr'>videtur</span> <span class='ocrx_word' id='word_1_442' title='bbox 1713 4836 1830 4932; x_wconf 56' lang='lat'>813</span> <span class='ocrx_word' id='word_1_443' title='bbox 1852 4841 2092 4924; x_wconf 88' lang='lat' dir='ltr'>proprie</span> <span class='ocrx_word' id='word_1_444' title='bbox 2112 4847 2438 4920; x_wconf 75' lang='lat' dir='ltr'>profundus</span> <span class='ocrx_word' id='word_1_445' title='bbox 2467 4841 2525 4904; x_wconf 88' lang='lat' dir='ltr'>b.</span> <span class='ocrx_word' id='word_1_446' title='bbox 2540 4842 2579 4905; x_wconf 93' lang='grc' dir='ltr'>Ι.</span> <span class='ocrx_word' id='word_1_447' title='bbox 2609 4842 2932 4923; x_wconf 89' lang='lat' dir='ltr'>depressus,</span> <span class='ocrx_word' id='word_1_448' title='bbox 2958 4835 3211 4899; x_wconf 78' lang='lat' dir='ltr'>humilis.</span> <span class='ocrx_word' id='word_1_449' title='bbox 3264 4836 3335 4897; x_wconf 88' lang='lat' dir='ltr'>In</span> <span class='ocrx_word' id='word_1_450' title='bbox 3364 4832 3510 4896; x_wconf 83' lang='lat' dir='ltr'>Cod.</span> <span class='ocrx_word' id='word_1_451' title='bbox 3526 4831 3594 4892; x_wconf 85' lang='grc' dir='ltr'>Β.</span> 
     </span>
    </p>
   </div>
  </div>
 </body>
</html>
