4126 5595
587 514 756 607 118
815 587 825 596 .
1479 528 2125 595 amrmmms
2183 531 2746 598 sumemus.

775 723 1219 827 transigitur3
1271 712 1668 824 reliquum,
1726 720 2004 794 morbis
2050 735 2125 794 et
2175 723 2651 824 separationis
2705 718 3089 799 doloribus
3141 728 3642 823 coniunctum,

777 864 1122 940 servitute
1172 859 1478 960 aliisque
1529 860 1829 932 teritur:
1898 856 2030 930 ubi
2083 822 2381 933 tandem
2445 858 2637 934 salus
2703 863 2840 935 erit
2890 861 3325 938 mortalibus
3376 867 3454 939 in
3503 868 3652 943 vita

777 999 1001 1097 magis
1051 999 1509 1074 inconstante
1564 1019 1785 1094 quam
1838 1017 2071 1093 aquae
2121 990 2390 1067 fluctu?

454 1159 464 1171 ·
591 1135 720 1207 51.
772 1129 927 1208 Per.
960 1143 1415 1203 momentum
1459 1127 1696 1201 infans
1746 1141 1822 1200 et
1851 1152 1990 1228 per
2037 1125 2350 1201 alterum
2383 1145 2842 1203 momentum
2874 1132 3154 1205 iuvenis
3188 1155 3442 1206 amore
3476 1158 3647 1235 gau·

622 1272 626 1277 ’
723 1285 726 1292 ’
774 1263 985 1378 dens,
1027 1292 1166 1370 per
1198 1280 1657 1340 momentum
1693 1263 1963 1366 opibus
1999 1260 2385 1340 destitutus
2421 1280 2642 1370 atque
2673 1291 2813 1372 per
2844 1265 3156 1342 alterum
3191 1283 3648 1343 momentum

775 1402 1044 1483 divitiis
1099 1399 1477 1477 abundans
1537 1384 1768 1475 Bomo
1814 1398 2139 1494 tandem,
2206 1403 2554 1478 membris
2600 1408 2807 1480 senio
2852 1402 3154 1481 adfectis
3199 1422 3275 1481 et
3331 1429 3646 1508 corpore

650 1542 657 1554 '
774 1542 968 1644 rugis
1018 1537 1372 1632 obducto,
1421 1536 1793 1614 histrionis
1825 1540 2078 1631 instar,
2136 1537 2383 1612 fabula
2427 1557 2751 1642 peracta,
2801 1541 3016 1618 Yami
3050 1544 3254 1619 urbis
3290 1547 3645 1619 cortinam

645 1675 653 1682 ’
775 1672 1212 1777 ingreditur.'

1030 1793 1037 1801 ⁸
1415 1830 1690 1881 nsvo‘rx
1740 1830 1834 1879 nr
1883 1830 2240 1880 PRINCIPIS
2295 1830 2803 1896 connoomuu.
3409 1892 3412 1897 ,

589 1947 716 2022 52.
773 1942 896 2020 Tu
955 1940 1257 2046 quidem
1315 1966 1446 2015 rex
1513 1966 1617 2033 es,
1685 1937 1814 2014 sed
1876 1966 2013 2014 nos
2082 1966 2383 2043 quoque
2437 1942 2748 2016 colimur
2808 1941 3096 2018 honore
3147 1947 3544 2048 sapientiae
3596 1972 3638 2022 a

769 2093 1119 2157 venerato
1168 2092 1652 2181 praeceptore
1703 2075 2112 2179 profectae3
2181 2079 2477 2180 insignis
2528 2093 2612 2153 tu
2662 2105 2740 2152 es
2793 2080 3085 2182 opibus,
3143 2079 3450 2184 gloriam
3499 2107 3635 2157 no-

770 2233 991 2292 stram
1039 2232 1239 2294 vates
1287 2239 1425 2318 per
1472 2216 1809 2318 regiones
1861 2211 2275 2317 divulgant:
2355 2213 2504 2289 hoc
2554 2213 2811 2308 modo,
2883 2243 3111 2318 quum
3160 2244 3639 2322 permagnum

695 2430 706 2439 ‚
769 2354 964 2427 inter
1011 2378 1149 2425 nos
1198 2354 1572 2451 utrimque
1626 2348 2015 2423 discrimen
2066 2353 2163 2422 sit
2210 2349 2519 2424 honoris
2573 2366 2648 2423 et
2698 2348 3136 2443 divitiarum,
3194 2366 3274 2426 tu
3319 2358 3381 2426 si
3428 2380 3467 2425 a
3503 2378 3637 2428 no-

770 2487 885 2561 bis
937 2510 1227 2562 aversus
1281 2510 1384 2576 es,
1443 2509 1580 2557 nos
1617 2487 1834 2558 etiam
1889 2487 2194 2557 omnino
2249 2500 2325 2558 te
2376 2510 2530 2558 non
2581 2487 2926 2587 petimus.

587 2619 1066 2727 saepibus
1114 2623 1429 2723 imperas
1477 2636 1589 2713 tu,
1648 2645 1785 2694 nos
1828 2644 2010 2695 vero
2058 2618 2323 2694 eodem
2371 2617 2599 2695 modo
2652 2622 3111 2695 sermonibus
3164 2623 3634 2725 imperamus;

769 2777 856 2840 tu
904 2758 1126 2838 heros
1161 2731 1290 2854 es,
1358 2756 1775 2835 indelebilis
1838 2774 2088 2836 nostra
2150 2757 2454 2868 facultas
2518 2761 2596 2835 in
2651 2775 3051 2865 praecepto
3105 2762 3436 2837 consistit
3484 2785 3636 2865 quo

770 2900 1073 3003 gloriosi
1102 2898 1402 2977 'febrem
1453 2898 1838 2999 superbiae
1889 2901 2393 3000 exstirpamus3
2447 2914 2523 2972 te
2575 2897 2833 2972 colunt
2884 2896 3167 2991 divites,
3225 2924 3342 2973 me
3394 2914 3637 2973 autem

769 3032 861 3106 ad
913 3036 1177 3106 mentis
1227 3029 1507 3103 macula
1558 3030 2038 3129 abstergenda
2089 3030 2435 3104 audiendi
2486 3029 2764 3131 cupidi:
2823 3028 2914 3103 ad
2967 3012 3350 3130 me‘igitur
3396 3036 3459 3105 si
3501 3033 3637 3105 tibi

766 3188 924 3237 non
972 3179 1176 3265 patet
1225 3160 1488 3252 aditus,
1545 3162 1728 3233 mihi
1780 3187 2074 3265 semper
2123 3162 2300 3235 abiit
2350 3160 2441 3235 ad
2494 3180 2569 3236 te
2620 3160 2963 3238 veniendi
3015 3160 3454 3236 desiderum.

585 3300 711 3375 54.
764 3293 925 3373 Nos
975 3295 1099 3371 hic
1151 3299 1477 3370 contenti
1529 3322 1776 3370 sumus
1823 3299 2148 3373 vestibus
2201 3300 2561 3390 corticeis,
2618 3312 2701 3370 tu
2751 3300 3027 3371 sericis:
3085 3294 3341 3372 eadem
3391 3311 3637 3370 nostra

668 3473 673 3477 ·
768 3450 880 3511 est
939 3434 1426 3537 tranquillitas
1495 3449 1571 3508 et
1630 3436 1787 3508 sine
1850 3431 2266 3509 discrimine
2330 3431 2749 3526 discrimen;
2818 3458 3102 3536 pauper
3163 3436 3431 3508 etenim
3487 3431 3638 3507 'erit

764 3570 894 3651 ille
944 3574 1148 3649 cuius
1199 3567 1500 3649 aviditas
1550 3574 1803 3674 ingens
1854 3585 1989 3664 est,
2048 3586 2124 3646 at
2176 3572 2340 3675 quis
2393 3565 2621 3664 dives,
2681 3573 2843 3674 quis
2892 3596 3160 3675 egenus
3205 3572 3335 3674 qui
3384 3573 3631 3647 animo

731 3726 1158 3788 ·contentus
1209 3709 1377 3785 esta
2292 3774 2295 3778 .

587 3850 715 3925 66.
752 3843 1003 3924 ‘Adest
1052 3845 1420 3921 fructuum
1470 3840 1561 3918 ad
1615 3840 1981 3919 edendum
2031 3847 2228 3936 satis,
2288 3840 2522 3916 dulcis
2573 3839 2662 3916 ad
2717 3839 3124 3916 bibendum
3174 3868 3391 3945 aqua,
3449 3858 3631 3918 stra-

636 4041 646 4049 .
769 3982 1019 4087 gulum
1082 3985 1164 4057 in
1224 3999 1458 4057 terrae
1525 3977 1748 4056 dorso
1812 3996 1888 4055 et
1950 3983 2553 4056 vestimentorum
2616 3981 3104 4053 corticeorum
3158 4005 3320 4083 part
3392 4005 3637 4083 neque

767 4123 988 4225 igitur
1032 4119 1392 4194 malorum
1435 4117 1846 4211 hominum,
1908 4143 2227 4220 quorum
2275 4141 2525 4192 sensus
2571 4140 2824 4190 omnes
2867 4132 3178 4220 propter
3224 4120 3460 4193 tenuis
3508 4143 3633 4197 co·

768 4261 935 4360 piae
974 4255 1204 4335 veluti
1256 4256 1494 4332 mellis
1542 4242 1805 4358 potum
1855 4256 2228 4348 oberrant,
2295 4255 2613 4357 probare
2663 4278 2965 4358 possum
3014 4256 3458 4356 superbiam.

591 4394 718 4469 56.
769 4378 1168 4467 Vescamur
1229 4389 1686 4463 emendicato
1738 4392 1936 4481 cibo,
2006 4389 2254 4491 plagas
2306 4388 2660 4463 coelestes
2727 4394 3030 4462 amictus
3093 4392 3317 4462 instar
3375 4387 3628 4465 indua-

586 4524 594 4541 '
706 4556 714 4571 ·
772 4548 961 4615 mus,
1016 4520 1457 4596 dormiamus
1507 4525 1586 4595 in
1635 4522 1919 4595 telluris
1971 4526 2171 4621 iugo=
2231 4521 2407 4621 quid
2461 4521 2805 4593 faciamus
2857 4518 2951 4592 de
3004 4519 3356 4593 dominis?

549 4640 718 4735 '5⁶1.
769 4654 952 4732 Non
1010 4681 1254 4729 sumus
1304 4655 1709 4747 saltatores,
1778 4681 1825 4729 o
1877 4680 2031 4744 rex,
2101 4659 2257 4728 non
2309 4651 2675 4747 comoedi,
2734 4668 3089 4746 cantores,
3163 4680 3318 4728 non
3378 4669 3634 4756 turpes

770 4793 1187 4884 sanniones,
1240 4815 1484 4893 neque
1534 4817 1780 4865 sumus
1830 4792 2197 4884 mulieres,
2253 4792 2563 4865 uberum
2612 4786 2945 4894 pondere
2976 4788 3392 4866 inclinatae:
3452 4786 3631 4893 quid

767 4951 909 5004 nos
958 4929 1038 5001 in
1086 4927 1250 5002 aula
1297 4943 1422 5002 tua
1472 4926 1855 5001 faciamus?
