4126 5595
514 523 667 586 vm
1780 510 2289 578 PRAEFATIO.

517 709 728 786 libris
788 704 949 780 aliis
1006 703 1302 803 collegit.
1409 699 1577 804 Hoc
1636 722 1865 775 unum
1927 725 2017 776 ex
2069 698 2427 777 eiusmodi
2476 701 2749 778 farinae
2801 701 3090 781 sabellis
3139 721 3387 783 teneas
3437 732 3563 787 ve·

519 847 694 939 lim;
764 868 935 918 nam
975 842 1123 915 etsi
1172 838 1426 914 Sataca
1490 836 1672 913 haec
1734 836 1826 913 ad
1890 864 2115 941 genus
2184 837 2475 915 dicendi
2525 843 3051 917 sententiosum
3101 846 3350 919 stricte
3412 869 3571 921 non
3651 838 3658 845 ⁸

525 976 874 1058 accedant
931 974 1059 1053 sed
1110 979 1210 1050 ita
1260 978 1406 1049 sint
1455 992 1872 1077 comparata
1919 992 2005 1052 ut
2051 1001 2242 1050 unus
2306 975 2651 1079 idemque
2717 994 2939 1079 poeta
3004 977 3179 1053 talia
3244 975 3569 1055 condere

519 1118 884 1223 potuerit,
955 1109 1167 1186 facile
1226 1125 1474 1184 tamen
1534 1107 1849 1184 inducor
1906 1124 1993 1184 ut
2055 1108 2347 1185 credam
2409 1137 2494 1186 ea
2556 1116 2699 1187 iam
2762 1116 3161 1215 antiquitus
3240 1138 3330 1188 ex
3404 1113 3565 1188 aliis

530 1251 970 1332 carminibus
1022 1262 1361 1352 excerpta
1412 1263 1487 1323 et
1536 1250 1729 1323 inter
1778 1272 1855 1321 se
1909 1246 2401 1348 conglutinata
2455 1248 2701 1342 fuisse,
2771 1247 2846 1324 id
2903 1247 3109 1353 quod
3172 1247 3265 1325 de
3328 1253 3567 1326 omni-

525 1395 665 1470 bus
715 1389 1240 1468 sententiarum
1290 1385 1852 1462 collectionibus
1904 1387 2221 1488 antiquis
2270 1382 2491 1477 valet,
2551 1410 2738 1488 quae
2788 1404 3046 1490 postea
3083 1384 3380 1463 demum
3412 1387 3568 1463 col-

526 1533 754 1622 lecta,
832 1529 995 1604 viro
1076 1522 1362 1601 cuidam
1433 1550 1606 1599 suae
1683 1527 1935 1601 aetatis
2006 1525 2535 1627 sapientissimo
2607 1522 2850 1599 solent
2918 1528 3173 1601 tribui.
3294 1524 3574 1601 Eadem

528 1662 758 1739 modo
821 1627 1218 1735 sententiae
1285 1675 1361 1732 et
1421 1657 1671 1759 adagia
1732 1663 1811 1732 in
1859 1659 1955 1733 V.
1995 1659 2467 1731 Testamento
2533 1656 2941 1750 Salomoni,
3012 1658 3330 1733 Arabica
3392 1684 3574 1736 vero

527 1794 734 1870 Alidi
806 1793 1112 1894 aliisque
1174 1792 1596 1866 hominibus
1662 1793 1887 1865 acutis
1952 1791 2411 1882 tribuuntur,
2491 1815 2737 1892 neque
2797 1795 2874 1864 in
2934 1790 3065 1865 tali
3125 1791 3355 1883 fama,
3433 1795 3575 1866 nisi

532 1952 830 2004 caussae
880 1941 1128 2003 vetant
1176 1923 1513 2018 idoneae,
1583 1923 1798 2000 facile
1848 1928 2246 2025 negaveris,
2302 1940 2586 2025 partem
2635 1924 2893 2000 saltem
2940 1925 3234 2000 illarum
3281 1941 3573 2001 senten·

527 2068 790 2140 tiarum
849 2060 944 2137 ad
1007 2078 1380 2137 auctorem
1442 2063 1562 2136 cui
1624 2057 2137 2133 adscribuntur
2195 2059 2657 2134 referendam
2716 2086 2898 2153 esse,
2973 2057 3175 2163 quod
3228 2058 3575 2165 equidem

531 2198 624 2276 dc
673 2195 998 2276 secundo
1047 2200 1510 2301 potissimum
1564 2192 2084 2271 Centuriarum
2133 2193 2330 2267 libro
2384 2190 2843 2268 crediderim.
2950 2196 3151 2272 Hace
3200 2197 3355 2273 sere
3405 2214 3577 2274 sunt

531 2333 626 2411 de
688 2351 984 2410 auctore
1048 2335 1450 2408 carminum
1517 2355 1703 2433 quae
1768 2326 2079 2403 dicenda
2139 2327 2393 2420 habui,
2465 2327 2735 2404 debilia
2803 2326 3099 2431 quidem
3156 2349 3229 2406 et
3277 2357 3570 2407 manca:

533 2473 804 2548 etenim
876 2493 1033 2543 non
1103 2466 1496 2544 fluviorum
1567 2480 1851 2541 tantum
1929 2462 2393 2567 quorundam
2464 2490 2549 2539 ea
2624 2480 2734 2541 est
2795 2463 3125 2542 conditio
3187 2481 3274 2542 ut
3336 2465 3579 2543 fontes

531 2612 987 2712 ignorentur,
1060 2602 1190 2680 sed
1249 2602 1529 2678 habent
1579 2605 1798 2678 etiam
1851 2618 2038 2677 artes
2089 2601 2272 2677 haec
2323 2602 2495 2696 sata,
2562 2618 2669 2695 ut,
2744 2600 3041 2706 quando
3092 2599 3184 2677 ad
3230 2609 3576 2707 ‘posteros

530 2760 1056 2853 propagentur,
1112 2742 1192 2819 hi
1244 2738 1544 2847 quidem
1593 2744 1784 2846 ipsas
1822 2738 2188 2816 doctrinas
2222 2744 2391 2818 satis
2409 2757 2757 2851 ‘accurate
2793 2758 3105 2836 servent,
3164 2768 3353 2847 quae
3395 2767 3575 2819 vero

537 2883 627 2959 ad
693 2880 1089 2960 earundem
1142 2881 1546 2974 historiam,
1618 2896 1887 2973 ortum,
1955 2903 2422 2981 progressum
2474 2895 2548 2954 et
2597 2882 3125 2954 incrementum
3172 2884 3571 2985 pertinent,

535 3042 629 3091 ea·
669 3019 824 3092 sere
874 3016 1243 3117 negligant
1294 3019 1565 3089 omnia.
1677 3012 2009 3086 Eandem
2060 3030 2336 3088 sortem
2386 3029 2685 3114 experta
2752 3030 2863 3087 cst
2907 3012 3160 3088 Indica
3223 3014 3570 3106 eruditio,

536 3152 739 3223 cuius
793 3152 1001 3248 origo
1051 3150 1376 3221 tenebris
1425 3140 1616 3220 'adeo
1669 3162 1780 3219 est
1829 3146 2186 3234 involuta,
2254 3162 2342 3219 ut
2392 3170 2481 3219 ex
2531 3146 2678 3219 illis
2728 3146 3055 3247 reliquiis
3109 3172 3294 3248 quae
3351 3146 3578 3221 hodie

534 3296 921 3383 supersunt
970 3297 1191 3383 atque
1246 3307 1333 3354 ex
1382 3296 1715 3355 veterum
1765 3281 1843 3352 in
1875 3279 2097 3352 rebus
2128 3275 2400 3352 Indicis
2437 3282 2744 3372 inscitia,
2801 3283 2921 3355 vix
2958 3277 3362 3383 quidquam
3401 3282 3579 3355 certi

532 3421 767 3521 possit
804 3417 987 3490 erui.
1098 3412 1309 3508 Quae
1364 3441 1594 3518 quum
1645 3419 1743 3488 ita
1793 3417 1964 3504 sint,
2019 3412 2375 3513 reliquiae
2426 3430 2623 3514 grata
2674 3439 3036 3489 sumamus
3088 3441 3307 3489 manu
3357 3432 3577 3517 atque

536 3577 655 3628 eas
685 3554 1114 3655 praesertim
1139 3576 1328 3653 quae
1364 3551 1463 3624 ob
1491 3552 1806 3625 nativam
1839 3573 2042 3621 suam
2074 3545 2697 3648 pulchritudinem
2731 3547 2821 3624 ad
2857 3566 3194 3653 posteros
3231 3549 3576 3628 devenire

539 3711 1003 3789 summopere
1064 3701 1459 3760 merentur.
1566 3684 1814 3785 Atque
1877 3682 2024 3756 hoc
2080 3680 2172 3757 de
2223 3682 2683 3758 Bhartrihare
2736 3689 3063 3788 inprimis
3115 3703 3418 3762 testatur
3466 3692 3580 3763 vir

537 3823 617 3894 in
692 3821 913 3895 rebus
977 3817 1250 3893 Indicis
1317 3821 1644 3894 omnium
1709 3816 2166 3890 doctissimus
2233 3815 2816 3910 Colebrookius,
2903 3824 3032 3921 qui
3097 3819 3353 3895 Sataca
3421 3846 3583 3895 eam

537 3955 1003 4056 potissimum
1054 3954 1153 4027 ob
1207 3979 1527 4028 caussam
1562 3950 1993 4052 IIitopadesi
2046 3947 2350 4024 editioni
2385 3951 2999 4054 Srirzimapurensi
3051 3950 3325 4026 adiecta
3360 3951 3580 4029 fuisse

544 4091 668 4181 ait,
739 4084 944 4190 quod
998 4091 1321 4191 egregiae
1372 4091 1451 4164 in
1501 4090 1586 4161 iis
1637 4111 1928 4161 morum
1979 4082 2505 4188 descriptiones
2559 4082 3199 4188 deprehendantur
3248 4103 3321 4162 et
3373 4088 3580 4192 quod

545 4227 743 4300 nitor
790 4225 1087 4326 insuper
1135 4227 1494 4327 poeticus,
1552 4224 1885 4326 parciore
1939 4220 2238 4325 quidem
2285 4246 2506 4295 manu
2559 4248 2778 4324 quam
2828 4226 2905 4297 in
2957 4223 3202 4298 multis
3247 4230 3580 4328 operosis

542 4356 901 4434 Indorum
950 4361 1388 4432 carminibus
1440 4356 1805 4459 dispersus
1855 4363 1934 4433 in
1984 4356 2240 4432 iisdem
2291 4360 2722 4452 inveniatur,
2780 4357 2906 4433 sed
2963 4363 3090 4462 qui
3139 4358 3450 4437 lectores
3486 4389 3578 4439 eo

548 4496 772 4595 magis
830 4494 1065 4595 possit
1127 4491 1418 4566 allicere
1519 4491 1687 4567 Hoc
1743 4497 2136 4596 praecipue
2201 4491 2588 4568 dicendum
2652 4511 2763 4569 est
2830 4491 2923 4568 de
2983 4493 3178 4569 libro
3240 4500 3364 4598 qui
3417 4501 3589 4578 Nm·

549 4628 991 4717 inscribitur,
1050 4627 1252 4700 cuius
1304 4630 1698 4701 sententiae
1751 4643 1824 4703 et
1874 4635 2274 4731 argumenti
2326 4629 2679 4733 elegantia
2729 4647 2803 4705 ct
2845 4627 3187 4705 dictionis
3229 4636 3579 4709 suavitate

548 4762 850 4865 reliquis
937 4761 1157 4863 longe
1241 4776 1610 4863 praestant
1700 4779 1774 4839 et
1859 4787 2080 4868 quem
2169 4766 2412 4841 multis
2500 4763 2592 4841 dc
2668 4768 2931 4842 caussis
3005 4770 3580 4870 antiquissimum

548 4914 760 4997 put0,
832 4899 952 4973 cui
1015 4912 1274 4999 postea
1338 4922 1493 4972 sese
1560 4897 2016 4978 adiunxerint
2081 4901 2249 4977 libri
2320 4904 2664 5003 Sringdm
2721 4920 2796 4978 et
2855 4905 3248 5003 Vah-offla,
3319 4909 3581 4981 summi
