4126 5595
517 482 683 574 100

1404 500 2049 566 mlARTmnAms
2110 503 2670 570 SENTENTIAE.

589 748 596 758 -
709 696 947 798 capite
1010 691 1184 768 fisso
1247 708 1606 783 vescatur,
1677 687 2041 764 trucidare
2102 694 2319 766 unice
2390 696 2702 795 quaerit:
2773 719 2905 768 cur
2956 720 3250 798 gramen
3302 693 3587 772 aridum

594 848 600 855 “
713 828 906 909 edat,
935 833 1098 923 iste,
1156 831 1496 933 superbia
1547 831 1903 902 maximos
1956 826 2435 904 antecedens?

526 973 654 1043 23⁸.
708 964 1133 1059 Parvulum,
1190 964 1535 1040 musculis
1582 962 1905 1038 medulla
1944 980 2017 1038 et
2063 991 2280 1039 carne
2329 963 2785 1060 destitutum,
2845 966 3150 1041 foedum
3196 968 3591 1042 ossiculum

533 1652 658 1724 24.

715 1117 1105 1192 assecutus,
1180 1104 1375 1174 canis
1442 1114 1833 1173 contentus
1900 1114 2034 1190 est,
2110 1102 2244 1172 etsi
2297 1099 2430 1173 illo
2483 1100 2710 1174 sames
2771 1106 2996 1203 ipsius
3057 1128 3216 1176 non
3265 1100 3584 1177 sedatur:

713 1236 856 1317 leo,
901 1251 1197 1327 contra,
1283 1245 1540 1309 canem
1619 1258 1920 1307 aureum
1992 1259 2234 1336 prope
2309 1232 2819 1311 advenientem
2894 1237 3397 1339 relinquens,·
3441 1236 3589 1311 ele-

711 1372 1064 1479 phantem
1112 1373 1540 1476 prosternit.
1633 1367 1758 1444 Sic
1806 1396 1995 1443 unus
2041 1374 2382 1474 quisque,
2441 1373 2853 1448 molestiam
2904 1371 3090 1450 adeo
3142 1375 3367 1468 subit,
3438 1373 3587 1449 fru-

715 1528 918 1588 ctum
965 1525 1052 1585 ut
1104 1519 1406 1612 quaerat
1435 1480 1754 1583 'naturae
1806 1532 1977 1581 suae
2031 1512 2620 1586 convenientem.

719 1646 907 1741 Quis
971 1645 1297 1720 mortalis
1367 1647 1446 1718 in
1507 1643 1655 1717 hoc
1717 1641 1994 1717 mundo
2060 1646 2333 1716 circum
2396 1639 2742 1721 volvente
2805 1673 2962 1722 non
3025 1647 3390 1723 nascitur?
3458 1647 3595 1720 Ast

514 1807 526 1818 ·
720 1781 851 1856 ille
901 1792 1075 1857 vere
1127 1795 1337 1854 natus
1392 1792 1501 1853 est
1548 1802 1686 1881 per
1739 1803 1961 1878 quem
2012 1777 2284 1851 familia
2336 1777 2427 1852 ad
2482 1779 2789 1880 gloriam
2841 1782 3200 1858 evehitur.

472 2024 477 2028 ι
536 1921 662 1996 25.

535 2196 661 2271 26.
682 2208 686 2212 ’

718 1916 1026 1992 Florum
1075 1915 1305 1994 veluti
1357 1913 1706 1989 fasciculo
1761 1910 2036 2016 duplex
2087 1917 2397 2016 sapienti
2444 1931 2670 1990 status
2723 1934 2856 1994 est:
2922 1917 3043 1994 vel
3097 1919 3290 1992 enim
3342 1919 3419 1991 in
3471 1942 3589 1991 ca-

720 2057 876 2160 pite
931 2055 1261 2129 omnium
1311 2050 1696 2126 hominum
1747 2053 1866 2143 sit,
1922 2050 2043 2126 vel
2097 2053 2172 2125 in
2223 2052 2424 2156 sylva
2474 2071 2893 2131 marcescat.

721 2190 1050 2270 Caudam
1101 2194 1345 2294 agitat,
1413 2186 1683 2295 pedem
1738 2185 2083 2264 deorsum
2138 2186 2462 2284 dimittit,
2534 2207 2610 2267 et
2666 2191 2874 2266 humi
2929 2195 3170 2270 iacens
3231 2221 3362 2270 ora
3417 2220 3593 2271 ven-

716 2347 1056 2432 tremque
1106 2326 1427 2403 ostendit
1472 2329 1668 2400 canis
1722 2325 1831 2399 illi
1894 2329 2021 2426 qui
2079 2326 2389 2400 frustum
2439 2330 2773 2429 praebet:
2835 2328 3132 2433 clephas
3184 2328 3597 2404 autemiir-

718 2467 937 2540 miter
987 2461 1298 2567 adspicit
1349 2478 1423 2537 et
1474 2477 1770 2536 centum
1822 2458 2119 2535 demum
2169 2460 2543 2536 blanditiis
2596 2462 2944 2537 adhibitis
2997 2462 3345 2539 comedit.

642 2654 664 2677 .
723 2597 1077 2701 Quinque
1155 2600 1282 2673 alii
1351 2594 1976 2689 tametsiadsint,
2046 2597 2497 2699 Vrihaspatis
2575 2614 2652 2674 et
2713 2599 2837 2672 alii
2906 2600 3288 2693 honorati,
3325 2600 3605 2678 ‚tamen
3694 2622 3702 2635 ·

725 2751 981 2812 contra
1043 2734 1213 2810 illos
1278 2734 1759 2809 hostilitatem
1823 2757 1980 2807 non
2045 2749 2338 2808 exercet
2398 2732 2678 2829 Rahus,
2752 2733 3182 2810 fortitudine
3244 2759 3420 2840 prae
3483 2759 3602 2809 cc-

700 2876 907 2979 ¹teris
973 2872 1242 2946 clarus:
1322 2868 1509 2945 duos
1571 2886 1855 2944 tantum
1923 2866 2227 2945 devorat
2288 2870 2473 2944 lucis
2537 2871 2772 2964 Deos,
2845 2871 2992 2947 dici
3057 2876 3467 2976 principem
3532 2887 3606 2946 et

655 3077 660 3084 .
727 3022 1162 3080 nocturnam
1213 3002 1492 3094 lu'nam,
1547 3004 2023 3077 Danavorum
2076 3002 2456 3096 dominus;
2528 3030 2698 3079 cccc
2750 3031 2889 3106 per
2936 3006 3243 3080 haloncs
3294 3011 3600 3079 circum-

542 3281 667 3351 28.

552 3827 685 3898 29.

554 4374 680 4441 30.

555 4639 682 4708 31.

731 3140 982 3229 currit,
1041 3141 1280 3239 capite
1331 3140 1632 3238 insuper
1683 3138 2027 3209 abscisso.

725 3272 999 3349 Seshus
1046 3288 1295 3376 portat
1329 3271 1588 3346 orbem
1632 3287 2020 3366 terrarum,
2081 3275 2380 3350 cervicis
2426 3291 2636 3350 scuto
2684 3279 3141 3381 impositum3
3198 3277 3325 3352 ille
3359 3300 3607 3350 rursus

726 3437 865 3516 per
927 3407 1310 3487 testudinis
1375 3412 1787 3514 principem
1851 3409 2100 3486 medio
2168 3438 2460 3516 semper
2525 3412 2748 3490 dorso
2816 3431 3298 3509 sustentatur3
3375 3413 3598 3506 hunc,

730 3548 977 3628 denuo
1009 3551 1431 3626 ‘subiectum
1479 3576 1688 3655 apro,
1749 3575 2068 3627 oceanus
2113 3577 2268 3626 non
2318 3567 2546 3627 curat:
2604 3578 2650 3627 o
2701 3580 2920 3656 quam
2964 3551 3246 3628 infinita
3295 3568 3405 3629 cst
3452 3577 3601 3627 ma-

732 3715 1044 3792 gnorum
1096 3684 1514 3762 admiranda
1571 3690 1986 3762 eminentia!

731 3823 1038 3897 Alarum
1110 3823 1453 3895 abscissio
1513 3807 1658 3923 'per
1720 3821 2043 3895 fulminis
2108 3827 2337 3915 ictus,
2420 3825 2511 3896 ab
2579 3828 2766 3897 irato
2830 3822 3060 3897 Indro
3126 3822 3459 3896 dimissos
3536 3839 3609 3894 ct

734 3957 1008 4030 multae
1062 3959 1245 4057 ignis
1297 3957 1807 4056 eruptionibus
1859 3961 2321 4047 coniunctos,
2388 3957 2647 4031 melius
2702 3961 2955 4059 utique
3008 3960 3427 4059 contigisset
3475 3956 3608 4028 lli-

732 4090 997 4195 malayi
1048 4091 1234 4184 filio,
1297 4118 1517 4193 quam
1567 4089 1781 4164 eheu!
1845 4118 2074 4192 quum
2125 4109 2337 4194 pater
2367 4096 2444 4165 in
2482 4095 2735 4167 mortis
2783 4096 3123 4195 angustiis
3167 4108 3602 4185 versaretur,

611 4282 618 4296 .
732 4229 814 4302 in
865 4231 1119 4303 occani
1170 4228 1431 4303 fluctus
1483 4253 1687 4303 casus
1738 4226 1865 4302 illc
1919 4226 2226 4304 domino
2280 4246 2549 4331 gratus.

739 4361 1057 4457 Quando
1106 4364 1226 4438 vel
1275 4369 1513 4465 ipsum
1566 4364 1985 4466 crystallum
2033 4392 2188 4438 non
2239 4370 2585 4456 sentiens,
2644 4366 2818 4440 solis
2870 4364 3088 4440 radiis
3141 4382 3440 4455 tactum,
3499 4369 3606 4438 in·

739 4497 1048 4582 calescit,
1101 4496 1482 4597 quomodo
1529 4498 1759 4571 homo
1808 4523 2200 4597 generosus
2244 4502 2601 4586 iniuriam,
2654 4502 2747 4571 ab
2796 4500 2942 4571 alio
2994 4499 3274 4584 factam,
3330 4499 3552 4572 serat?

737 4631 929 4722 Leo,
986 4636 1271 4705 tametsi
1321 4636 1628 4724 iuvenis,
1689 4632 2114 4734 elephantes
2152 4631 2589 4734 aggreditur,
2651 4660 2965 4735 quorum
3018 4632 3403 4734 glandulae
3455 4659 3606 4706 ma-

738 4766 1031 4842 xillares
1094 4768 1343 4842 furore
1408 4765 1742 4845 madent:
1813 4767 1996 4844 haec
2063 4785 2173 4844 cst
2234 4786 2485 4845 natura
2552 4769 2890 4864 heroum,
2961 4796 3115 4845 non
3176 4795 3355 4846 vcro
3419 4785 3612 4843 actas

739 4900 832 4979 ad
885 4903 1189 5006 gloriam
1243 4904 1578 5009 impellit.
