<?xml version="1.0" encoding="UTF-8"?>
<!DOCTYPE html PUBLIC "-//W3C//DTD XHTML 1.0 Transitional//EN"
    "http://www.w3.org/TR/xhtml1/DTD/xhtml1-transitional.dtd">
<html xmlns="http://www.w3.org/1999/xhtml" xml:lang="en" lang="en">
 <head>
  <title>
</title>
<meta http-equiv="Content-Type" content="text/html;charset=utf-8" />
  <meta name='ocr-system' content='tesseract 3.04.00' />
  <meta name='ocr-capabilities' content='ocr_page ocr_carea ocr_par ocr_line ocrx_word'/>
</head>
<body>
  <div class='ocr_page' id='page_1' title='image "bhartriharissen00bohlgoog_0023.png"; bbox 0 0 4126 5595; ppageno 0'>
   <div class='ocr_carea' id='block_1_1' title="bbox 1767 525 3547 591">
    <p class='ocr_par' dir='ltr' id='par_1_1' title="bbox 1767 525 3547 591">
     <span class='ocr_line' id='line_1_1' title="bbox 1767 525 3547 591; baseline -0.001 -1"><span class='ocrx_word' id='word_1_1' title='bbox 1767 525 2273 591; x_wconf 72' lang='lat' dir='ltr'>PRAEFATIO.</span> <span class='ocrx_word' id='word_1_2' title='bbox 3394 527 3547 588; x_wconf 78' lang='lat' dir='ltr'><strong>xm</strong></span> 
     </span>
    </p>
   </div>
   <div class='ocr_carea' id='block_1_2' title="bbox 481 709 3551 3278">
    <p class='ocr_par' dir='ltr' id='par_1_2' title="bbox 481 709 3551 3278">
     <span class='ocr_line' id='line_1_2' title="bbox 489 709 3547 811; baseline 0 -26"><span class='ocrx_word' id='word_1_3' title='bbox 489 730 570 787; x_wconf 88' lang='lat' dir='ltr'><strong>ut</strong></span> <span class='ocrx_word' id='word_1_4' title='bbox 629 739 799 788; x_wconf 83' lang='lat' dir='ltr'><strong>vera</strong></span> <span class='ocrx_word' id='word_1_5' title='bbox 868 739 909 785; x_wconf 91' lang='lat' dir='ltr'><strong>a</strong></span> <span class='ocrx_word' id='word_1_6' title='bbox 975 714 1170 786; x_wconf 87' lang='lat' dir='ltr'><strong>falsis</strong></span> <span class='ocrx_word' id='word_1_7' title='bbox 1235 728 1309 785; x_wconf 92' lang='lat' dir='ltr'><strong>ct</strong></span> <span class='ocrx_word' id='word_1_8' title='bbox 1359 714 1783 811; x_wconf 85' lang='lat' dir='ltr'><strong>suppositiis</strong></span> <span class='ocrx_word' id='word_1_9' title='bbox 1838 710 2225 800; x_wconf 89' lang='lat' dir='ltr'><strong>discernat,</strong></span> <span class='ocrx_word' id='word_1_10' title='bbox 2284 709 2575 784; x_wconf 81' lang='lat' dir='ltr'><strong>fraudes</strong></span> <span class='ocrx_word' id='word_1_11' title='bbox 2626 714 2773 783; x_wconf 91' lang='lat' dir='ltr'><strong>suis</strong></span> <span class='ocrx_word' id='word_1_12' title='bbox 2823 712 3140 810; x_wconf 81' lang='lat' dir='ltr'><strong>vestigiis</strong></span> <span class='ocrx_word' id='word_1_13' title='bbox 3193 709 3547 786; x_wconf 86' lang='lat' dir='ltr'><strong>odoretur</strong></span> 
     </span>
     <span class='ocr_line' id='line_1_3' title="bbox 487 840 3542 948; baseline -0.001 -28"><span class='ocrx_word' id='word_1_14' title='bbox 487 864 562 920; x_wconf 92' lang='lat' dir='ltr'><strong>et</strong></span> <span class='ocrx_word' id='word_1_15' title='bbox 622 844 1101 939; x_wconf 81' lang='lat' dir='ltr'><strong>demonstret,</strong></span> <span class='ocrx_word' id='word_1_16' title='bbox 1172 847 1499 920; x_wconf 85' lang='lat' dir='ltr'><strong>obscuris</strong></span> <span class='ocrx_word' id='word_1_17' title='bbox 1563 847 1712 919; x_wconf 82' lang='lat' dir='ltr'><strong>sive</strong></span> <span class='ocrx_word' id='word_1_18' title='bbox 1773 844 1992 917; x_wconf 88' lang='lat' dir='ltr'><strong>rebus</strong></span> <span class='ocrx_word' id='word_1_19' title='bbox 2051 847 2201 920; x_wconf 84' lang='lat' dir='ltr'><strong>sive</strong></span> <span class='ocrx_word' id='word_1_20' title='bbox 2254 846 2494 921; x_wconf 82' lang='lat' dir='ltr'><strong>verbis</strong></span> <span class='ocrx_word' id='word_1_21' title='bbox 2546 843 2800 918; x_wconf 89' lang='lat' dir='ltr'><strong>lumen</strong></span> <span class='ocrx_word' id='word_1_22' title='bbox 2849 840 3208 936; x_wconf 77' lang='lat' dir='ltr'><strong>affundat,</strong></span> <span class='ocrx_word' id='word_1_23' title='bbox 3280 840 3542 948; x_wconf 88' lang='lat' dir='ltr'><strong>depra-</strong></span> 
     </span>
     <span class='ocr_line' id='line_1_4' title="bbox 483 976 3543 1085; baseline -0.001 -28"><span class='ocrx_word' id='word_1_24' title='bbox 483 976 650 1057; x_wconf 85' lang='lat' dir='ltr'><strong>vata</strong></span> <span class='ocrx_word' id='word_1_25' title='bbox 710 986 1048 1085; x_wconf 89' lang='lat' dir='ltr'><strong>corrigat,</strong></span> <span class='ocrx_word' id='word_1_26' title='bbox 1115 980 1369 1057; x_wconf 89' lang='lat' dir='ltr'><strong>laudet</strong></span> <span class='ocrx_word' id='word_1_27' title='bbox 1427 997 1653 1074; x_wconf 88' lang='lat' dir='ltr'><strong>recta,</strong></span> <span class='ocrx_word' id='word_1_28' title='bbox 1687 989 1692 994; x_wconf 83' lang='grc'><em>’</em></span> <span class='ocrx_word' id='word_1_29' title='bbox 1730 978 2234 1083; x_wconf 89' lang='lat' dir='ltr'><strong>deprehendat</strong></span> <span class='ocrx_word' id='word_1_30' title='bbox 2292 985 2551 1059; x_wconf 80' lang='lat' dir='ltr'><strong>vitiosa</strong></span> <span class='ocrx_word' id='word_1_31' title='bbox 2573 978 2641 1076; x_wconf 86' lang='lat'><strong>;&#39;’</strong></span> <span class='ocrx_word' id='word_1_32' title='bbox 2719 979 2922 1083; x_wconf 82' lang='lat' dir='ltr'><strong>quod</strong></span> <span class='ocrx_word' id='word_1_33' title='bbox 2979 978 3283 1085; x_wconf 89' lang='lat' dir='ltr'><strong>quidem</strong></span> <span class='ocrx_word' id='word_1_34' title='bbox 3331 994 3543 1084; x_wconf 85' lang='lat' dir='ltr'><strong>prae-</strong></span> 
     </span>
     <span class='ocr_line' id='line_1_5' title="bbox 485 1111 3547 1223; baseline -0 -29"><span class='ocrx_word' id='word_1_35' title='bbox 485 1111 783 1223; x_wconf 88' lang='lat' dir='ltr'><strong>ceptum</strong></span> <span class='ocrx_word' id='word_1_36' title='bbox 857 1135 942 1195; x_wconf 90' lang='lat' dir='ltr'><strong>ut</strong></span> <span class='ocrx_word' id='word_1_37' title='bbox 1019 1125 1098 1194; x_wconf 91' lang='lat' dir='ltr'><strong>in</strong></span> <span class='ocrx_word' id='word_1_38' title='bbox 1170 1119 1378 1194; x_wconf 90' lang='lat' dir='ltr'><strong>libris</strong></span> <span class='ocrx_word' id='word_1_39' title='bbox 1453 1117 1840 1194; x_wconf 89' lang='lat' dir='ltr'><strong>Sanscritis</strong></span> <span class='ocrx_word' id='word_1_40' title='bbox 1905 1117 2206 1194; x_wconf 82' lang='lat' dir='ltr'><strong>edendis</strong></span> <span class='ocrx_word' id='word_1_41' title='bbox 2276 1121 2617 1194; x_wconf 88' lang='lat' dir='ltr'><strong>omnibns</strong></span> <span class='ocrx_word' id='word_1_42' title='bbox 2680 1118 2875 1195; x_wconf 82' lang='lat' dir='ltr'><strong>valet</strong></span> <span class='ocrx_word' id='word_1_43' title='bbox 2934 1121 3033 1192; x_wconf 87' lang='lat' dir='ltr'><strong>ita</strong></span> <span class='ocrx_word' id='word_1_44' title='bbox 3096 1120 3406 1192; x_wconf 85' lang='lat' dir='ltr'>maxime</span> <span class='ocrx_word' id='word_1_45' title='bbox 3468 1120 3547 1193; x_wconf 92' lang='lat' dir='ltr'><strong>in</strong></span> 
     </span>
     <span class='ocr_line' id='line_1_6' title="bbox 481 1253 3543 1359; baseline 0 -30"><span class='ocrx_word' id='word_1_46' title='bbox 481 1254 969 1331; x_wconf 89' lang='lat' dir='ltr'><strong>Bhartriharis</strong></span> <span class='ocrx_word' id='word_1_47' title='bbox 1032 1259 1438 1345; x_wconf 81' lang='lat' dir='ltr'><strong>sententiis,</strong></span> <span class='ocrx_word' id='word_1_48' title='bbox 1515 1261 1794 1358; x_wconf 79' lang='lat' dir='ltr'><strong>quippe</strong></span> <span class='ocrx_word' id='word_1_49' title='bbox 1856 1253 2073 1359; x_wconf 83' lang='lat' dir='ltr'><strong>quae,</strong></span> <span class='ocrx_word' id='word_1_50' title='bbox 2146 1255 2237 1331; x_wconf 88' lang='lat' dir='ltr'><strong>ad</strong></span> <span class='ocrx_word' id='word_1_51' title='bbox 2288 1256 2675 1359; x_wconf 86' lang='lat' dir='ltr'><strong>publicam·</strong></span> <span class='ocrx_word' id='word_1_52' title='bbox 2713 1258 3271 1330; x_wconf 80' lang='lat' dir='ltr'><strong>instructionem</strong></span> <span class='ocrx_word' id='word_1_53' title='bbox 3322 1257 3543 1357; x_wconf 85' lang='lat' dir='ltr'><strong>aptis·</strong></span> 
     </span>
     <span class='ocr_line' id='line_1_7' title="bbox 482 1388 3538 1494; baseline -0.001 -29"><span class='ocrx_word' id='word_1_54' title='bbox 482 1394 741 1483; x_wconf 88' lang='lat' dir='ltr'><strong>simae,</strong></span> <span class='ocrx_word' id='word_1_55' title='bbox 814 1418 855 1465; x_wconf 91' lang='lat' dir='ltr'><strong>a</strong></span> <span class='ocrx_word' id='word_1_56' title='bbox 923 1391 1171 1465; x_wconf 87' lang='lat' dir='ltr'><strong>multis</strong></span> <span class='ocrx_word' id='word_1_57' title='bbox 1236 1388 1840 1466; x_wconf 84' lang='lat' dir='ltr'><strong>describebantur</strong></span> <span class='ocrx_word' id='word_1_58' title='bbox 1899 1408 1974 1466; x_wconf 91' lang='lat' dir='ltr'><strong>et</strong></span> <span class='ocrx_word' id='word_1_59' title='bbox 2033 1394 2227 1468; x_wconf 83' lang='lat' dir='ltr'><strong>vitiis</strong></span> <span class='ocrx_word' id='word_1_60' title='bbox 2292 1390 2616 1494; x_wconf 87' lang='lat' dir='ltr'><strong>ideoque</strong></span> <span class='ocrx_word' id='word_1_61' title='bbox 2680 1391 3023 1465; x_wconf 90' lang='lat' dir='ltr'><strong>laborant</strong></span> <span class='ocrx_word' id='word_1_62' title='bbox 3084 1392 3538 1492; x_wconf 80' lang='lat' dir='ltr'><strong>gravissimis.</strong></span> 
     </span>
     <span class='ocr_line' id='line_1_8' title="bbox 484 1526 3543 1634; baseline 0 -31"><span class='ocrx_word' id='word_1_63' title='bbox 484 1526 820 1603; x_wconf 85' lang='lat' dir='ltr'><strong>Primum</strong></span> <span class='ocrx_word' id='word_1_64' title='bbox 870 1552 1078 1622; x_wconf 84' lang='lat' dir='ltr'><strong>vero,</strong></span> <span class='ocrx_word' id='word_1_65' title='bbox 1143 1554 1300 1602; x_wconf 89' lang='lat' dir='ltr'><strong>rem</strong></span> <span class='ocrx_word' id='word_1_66' title='bbox 1352 1527 1562 1603; x_wconf 87' lang='lat' dir='ltr'><strong>altius</strong></span> <span class='ocrx_word' id='word_1_67' title='bbox 1613 1545 1698 1602; x_wconf 87' lang='lat' dir='ltr'><strong>ut</strong></span> <span class='ocrx_word' id='word_1_68' title='bbox 1745 1544 2102 1633; x_wconf 84' lang='lat' dir='ltr'><strong>repetam,</strong></span> <span class='ocrx_word' id='word_1_69' title='bbox 2159 1555 2255 1605; x_wconf 93' lang='lat' dir='ltr'><strong>nc</strong></span> <span class='ocrx_word' id='word_1_70' title='bbox 2304 1528 2454 1605; x_wconf 90' lang='lat' dir='ltr'><strong>hoc</strong></span> <span class='ocrx_word' id='word_1_71' title='bbox 2508 1527 2809 1634; x_wconf 87' lang='lat' dir='ltr'><strong>quidem</strong></span> <span class='ocrx_word' id='word_1_72' title='bbox 2861 1526 3007 1603; x_wconf 89' lang='lat' dir='ltr'><strong>dici</strong></span> <span class='ocrx_word' id='word_1_73' title='bbox 3053 1543 3305 1632; x_wconf 89' lang='lat' dir='ltr'><strong>potest</strong></span> <span class='ocrx_word' id='word_1_74' title='bbox 3356 1553 3543 1631; x_wconf 76' lang='lat' dir='ltr'><strong>quo·</strong></span> 
     </span>
     <span class='ocr_line' id='line_1_9' title="bbox 489 1664 3547 1774; baseline 0 -32"><span class='ocrx_word' id='word_1_75' title='bbox 489 1664 718 1743; x_wconf 88' lang='lat' dir='ltr'><strong>modo</strong></span> <span class='ocrx_word' id='word_1_76' title='bbox 772 1693 849 1743; x_wconf 93' lang='lat' dir='ltr'><strong>sc</strong></span> <span class='ocrx_word' id='word_1_77' title='bbox 902 1669 1212 1744; x_wconf 82' lang='lat' dir='ltr'><strong>invicem</strong></span> <span class='ocrx_word' id='word_1_78' title='bbox 1263 1672 1473 1772; x_wconf 88' lang='lat' dir='ltr'><strong>sequi</strong></span> <span class='ocrx_word' id='word_1_79' title='bbox 1525 1667 1843 1744; x_wconf 90' lang='lat' dir='ltr'><strong>debeant</strong></span> <span class='ocrx_word' id='word_1_80' title='bbox 1890 1685 2037 1744; x_wconf 89' lang='lat' dir='ltr'><strong>tres</strong></span> <span class='ocrx_word' id='word_1_81' title='bbox 2094 1668 2516 1765; x_wconf 90' lang='lat' dir='ltr'><strong>Centuriae‚</strong></span> <span class='ocrx_word' id='word_1_82' title='bbox 2579 1697 2808 1774; x_wconf 90' lang='lat' dir='ltr'><strong>quum</strong></span> <span class='ocrx_word' id='word_1_83' title='bbox 2858 1694 2948 1743; x_wconf 85' lang='lat' dir='ltr'><strong>ex</strong></span> <span class='ocrx_word' id='word_1_84' title='bbox 3003 1664 3251 1744; x_wconf 86' lang='lat' dir='ltr'><strong>codd.</strong></span> <span class='ocrx_word' id='word_1_85' title='bbox 3305 1667 3547 1770; x_wconf 84' lang='lat' dir='ltr'><strong>Msttis</strong></span> 
     </span>
     <span class='ocr_line' id='line_1_10' title="bbox 487 1803 3545 1909; baseline 0.001 -29"><span class='ocrx_word' id='word_1_86' title='bbox 487 1805 594 1880; x_wconf 85' lang='lat' dir='ltr'><strong>nil</strong></span> <span class='ocrx_word' id='word_1_87' title='bbox 643 1808 827 1880; x_wconf 82' lang='lat' dir='ltr'><strong>certi</strong></span> <span class='ocrx_word' id='word_1_88' title='bbox 879 1803 974 1880; x_wconf 90' lang='lat' dir='ltr'><strong>de</strong></span> <span class='ocrx_word' id='word_1_89' title='bbox 1027 1804 1162 1880; x_wconf 91' lang='lat' dir='ltr'><strong>hac</strong></span> <span class='ocrx_word' id='word_1_90' title='bbox 1213 1832 1295 1880; x_wconf 89' lang='lat' dir='ltr'><strong>rc</strong></span> <span class='ocrx_word' id='word_1_91' title='bbox 1345 1810 1580 1909; x_wconf 87' lang='lat' dir='ltr'><strong>possit</strong></span> <span class='ocrx_word' id='word_1_92' title='bbox 1630 1806 1823 1882; x_wconf 91' lang='lat' dir='ltr'><strong>elici.</strong></span> <span class='ocrx_word' id='word_1_93' title='bbox 1911 1807 2005 1881; x_wconf 90' lang='lat' dir='ltr'><strong>In</strong></span> <span class='ocrx_word' id='word_1_94' title='bbox 2055 1806 2434 1882; x_wconf 86' lang='lat' dir='ltr'><strong>codicibus</strong></span> <span class='ocrx_word' id='word_1_95' title='bbox 2472 1807 2534 1885; x_wconf 93' lang='lat' dir='ltr'>C</span> <span class='ocrx_word' id='word_1_96' title='bbox 2590 1823 2665 1883; x_wconf 93' lang='lat' dir='ltr'><strong>et</strong></span> <span class='ocrx_word' id='word_1_97' title='bbox 2695 1806 2769 1882; x_wconf 92' lang='lat' dir='ltr'>D</span> <span class='ocrx_word' id='word_1_98' title='bbox 2822 1806 3100 1881; x_wconf 90' lang='lat' dir='ltr'><strong>librum</strong></span> <span class='ocrx_word' id='word_1_99' title='bbox 3143 1803 3240 1880; x_wconf 88' lang='lat' dir='ltr'><strong>de</strong></span> <span class='ocrx_word' id='word_1_100' title='bbox 3278 1807 3545 1883; x_wconf 48' lang='lat' dir='ltr'><strong>amori*</strong></span> 
     </span>
     <span class='ocr_line' id='line_1_11' title="bbox 486 1940 3550 2044; baseline 0.001 -29"><span class='ocrx_word' id='word_1_101' title='bbox 486 1942 625 2015; x_wconf 88' lang='lat' dir='ltr'><strong>bus</strong></span> <span class='ocrx_word' id='word_1_102' title='bbox 660 1956 946 2016; x_wconf 91' lang='lat' dir='ltr'><strong>tantum</strong></span> <span class='ocrx_word' id='word_1_103' title='bbox 995 1944 1431 2034; x_wconf 83' lang='lat' dir='ltr'><strong>invenimus,</strong></span> <span class='ocrx_word' id='word_1_104' title='bbox 1489 1942 1759 2043; x_wconf 86' lang='lat' dir='ltr'><strong>reliqui</strong></span> <span class='ocrx_word' id='word_1_105' title='bbox 1793 1959 2061 2035; x_wconf 88' lang='lat' dir='ltr'><strong>autem,</strong></span> <span class='ocrx_word' id='word_1_106' title='bbox 2119 1944 2350 2018; x_wconf 88' lang='lat' dir='ltr'><strong>literis</strong></span> <span class='ocrx_word' id='word_1_107' title='bbox 2382 1943 2455 2018; x_wconf 92' lang='lat' dir='ltr'>A</span> <span class='ocrx_word' id='word_1_108' title='bbox 2507 1960 2582 2017; x_wconf 91' lang='lat' dir='ltr'><strong>et</strong></span> <span class='ocrx_word' id='word_1_109' title='bbox 2610 1943 2674 2017; x_wconf 91' lang='grc' dir='ltr'>Β</span> <span class='ocrx_word' id='word_1_110' title='bbox 2727 1945 3077 2043; x_wconf 87' lang='lat' dir='ltr'><strong>insigniti,</strong></span> <span class='ocrx_word' id='word_1_111' title='bbox 3118 1940 3550 2044; x_wconf 64' lang='lat' dir='ltr'><strong>Vairdgyam</strong></span> 
     </span>
     <span class='ocr_line' id='line_1_12' title="bbox 487 2074 3548 2179; baseline 0 -31"><span class='ocrx_word' id='word_1_112' title='bbox 487 2092 984 2179; x_wconf 82' lang='lat' dir='ltr'><strong>praeponunt,</strong></span> <span class='ocrx_word' id='word_1_113' title='bbox 1054 2074 1394 2178; x_wconf 73' lang='lat' dir='ltr'><strong>Sringara</strong></span> <span class='ocrx_word' id='word_1_114' title='bbox 1456 2075 1651 2150; x_wconf 91' lang='lat' dir='ltr'><strong>libro</strong></span> <span class='ocrx_word' id='word_1_115' title='bbox 1718 2077 2238 2151; x_wconf 88' lang='lat' dir='ltr'><strong>collectionem</strong></span> <span class='ocrx_word' id='word_1_116' title='bbox 2288 2076 2753 2169; x_wconf 89' lang='lat' dir='ltr'><strong>claudentes;</strong></span> <span class='ocrx_word' id='word_1_117' title='bbox 2838 2076 2965 2151; x_wconf 89' lang='lat' dir='ltr'><strong>sed</strong></span> <span class='ocrx_word' id='word_1_118' title='bbox 3024 2074 3213 2151; x_wconf 89' lang='lat' dir='ltr'><strong>ordo</strong></span> <span class='ocrx_word' id='word_1_119' title='bbox 3275 2075 3403 2150; x_wconf 92' lang='lat' dir='ltr'><strong>ille</strong></span> <span class='ocrx_word' id='word_1_120' title='bbox 3455 2076 3548 2148; x_wconf 89' lang='lat' dir='ltr'><strong>ab</strong></span> 
     </span>
     <span class='ocr_line' id='line_1_13' title="bbox 490 2211 3543 2318; baseline -0 -31"><span class='ocrx_word' id='word_1_121' title='bbox 490 2217 923 2288; x_wconf 88' lang='lat' dir='ltr'><strong>constitutus</strong></span> <span class='ocrx_word' id='word_1_122' title='bbox 980 2239 1134 2288; x_wconf 92' lang='lat' dir='ltr'><strong>esse</strong></span> <span class='ocrx_word' id='word_1_123' title='bbox 1186 2228 1436 2318; x_wconf 87' lang='lat' dir='ltr'><strong>potest</strong></span> <span class='ocrx_word' id='word_1_124' title='bbox 1483 2211 1785 2287; x_wconf 89' lang='lat' dir='ltr'><strong>homine</strong></span> <span class='ocrx_word' id='word_1_125' title='bbox 1837 2216 1965 2316; x_wconf 89' lang='lat' dir='ltr'><strong>qui</strong></span> <span class='ocrx_word' id='word_1_126' title='bbox 2009 2211 2271 2306; x_wconf 90' lang='lat' dir='ltr'><strong>libros,</strong></span> <span class='ocrx_word' id='word_1_127' title='bbox 2326 2239 2465 2316; x_wconf 91' lang='lat' dir='ltr'><strong>per</strong></span> <span class='ocrx_word' id='word_1_128' title='bbox 2497 2237 2573 2287; x_wconf 92' lang='lat' dir='ltr'><strong>se</strong></span> <span class='ocrx_word' id='word_1_129' title='bbox 2610 2211 3014 2304; x_wconf 88' lang='lat' dir='ltr'><strong>absolutos,</strong></span> <span class='ocrx_word' id='word_1_130' title='bbox 3069 2228 3329 2315; x_wconf 89' lang='lat' dir='ltr'><strong>postea</strong></span> <span class='ocrx_word' id='word_1_131' title='bbox 3364 2237 3543 2287; x_wconf 89' lang='lat' dir='ltr'><strong>con·</strong></span> 
     </span>
     <span class='ocr_line' id='line_1_14' title="bbox 489 2349 3543 2462; baseline 0.001 -38"><span class='ocrx_word' id='word_1_132' title='bbox 489 2354 748 2445; x_wconf 90' lang='lat' dir='ltr'><strong>iunxit,</strong></span> <span class='ocrx_word' id='word_1_133' title='bbox 804 2356 1094 2427; x_wconf 84' lang='lat' dir='ltr'><strong>tametsi</strong></span> <span class='ocrx_word' id='word_1_134' title='bbox 1144 2350 1503 2462; x_wconf 86' lang='lat' dir='ltr'><strong>Rogerius</strong></span> <span class='ocrx_word' id='word_1_135' title='bbox 1537 2350 1968 2455; x_wconf 69' lang='lat' dir='ltr'><strong>Vairaigyam</strong></span> <span class='ocrx_word' id='word_1_136' title='bbox 2021 2375 2323 2453; x_wconf 86' lang='lat' dir='ltr'><strong>quoque</strong></span> <span class='ocrx_word' id='word_1_137' title='bbox 2373 2349 2532 2426; x_wconf 86' lang='lat' dir='ltr'><strong>Niti</strong></span> <span class='ocrx_word' id='word_1_138' title='bbox 2565 2350 2760 2425; x_wconf 91' lang='lat' dir='ltr'><strong>libro</strong></span> <span class='ocrx_word' id='word_1_139' title='bbox 2797 2366 3222 2453; x_wconf 88' lang='lat' dir='ltr'><strong>anteponat.</strong></span> <span class='ocrx_word' id='word_1_140' title='bbox 3305 2349 3543 2426; x_wconf 86' lang='lat' dir='ltr'><strong>Scho-</strong></span> 
     </span>
     <span class='ocr_line' id='line_1_15' title="bbox 493 2486 3548 2595; baseline 0 -30"><span class='ocrx_word' id='word_1_141' title='bbox 493 2490 773 2566; x_wconf 88' lang='lat' dir='ltr'><strong>liastam</strong></span> <span class='ocrx_word' id='word_1_142' title='bbox 840 2494 917 2564; x_wconf 94' lang='lat' dir='ltr'><strong>in</strong></span> <span class='ocrx_word' id='word_1_143' title='bbox 980 2488 1175 2565; x_wconf 91' lang='lat' dir='ltr'><strong>Cod.</strong></span> <span class='ocrx_word' id='word_1_144' title='bbox 1231 2490 1303 2564; x_wconf 90' lang='lat' dir='ltr'><strong>A</strong></span> <span class='ocrx_word' id='word_1_145' title='bbox 1353 2493 1414 2564; x_wconf 93' lang='lat' dir='ltr'><strong>si</strong></span> <span class='ocrx_word' id='word_1_146' title='bbox 1475 2487 1877 2583; x_wconf 83' lang='lat' dir='ltr'><strong>audiamus,</strong></span> <span class='ocrx_word' id='word_1_147' title='bbox 1934 2488 2364 2595; x_wconf 69' lang='lat' dir='ltr'><strong>Vairae‘igyam</strong></span> <span class='ocrx_word' id='word_1_148' title='bbox 2429 2488 2556 2565; x_wconf 91' lang='lat' dir='ltr'><strong>ille</strong></span> <span class='ocrx_word' id='word_1_149' title='bbox 2617 2488 2832 2566; x_wconf 89' lang='lat' dir='ltr'><strong>solita</strong></span> <span class='ocrx_word' id='word_1_150' title='bbox 2894 2487 3211 2565; x_wconf 81' lang='lat' dir='ltr'><strong>formula</strong></span> <span class='ocrx_word' id='word_1_151' title='bbox 3273 2486 3548 2565; x_wconf 89' lang='lat' dir='ltr'><strong>claudit</strong></span> 
     </span>
     <span class='ocr_line' id='line_1_16' title="bbox 487 2614 3545 2740; baseline 0 -41"><span class='ocrx_word' id='word_1_152' title='bbox 487 2632 636 2740; x_wconf 46' lang='lat' dir='ltr'>{ff-f</span> <span class='ocrx_word' id='word_1_153' title='bbox 695 2625 1063 2738; x_wconf 55' lang='grc' dir='ltr'>ηῇ-Ξῆπῃ</span> <span class='ocrx_word' id='word_1_154' title='bbox 1123 2636 1268 2728; x_wconf 56' lang='lat' dir='ltr'><strong>qm·-</strong></span> <span class='ocrx_word' id='word_1_155' title='bbox 1325 2614 2063 2733; x_wconf 54' lang='lat' dir='ltr'><strong>&amp;fn-umqum</strong></span> <span class='ocrx_word' id='word_1_156' title='bbox 2113 2641 2335 2728; x_wconf 89' lang='lat' dir='ltr'><strong>atque</strong></span> <span class='ocrx_word' id='word_1_157' title='bbox 2389 2624 2646 2701; x_wconf 89' lang='lat' dir='ltr'><strong>eadem</strong></span> <span class='ocrx_word' id='word_1_158' title='bbox 2696 2630 2967 2730; x_wconf 89' lang='lat' dir='ltr'><strong>repetit</strong></span> <span class='ocrx_word' id='word_1_159' title='bbox 3013 2631 3092 2701; x_wconf 93' lang='lat' dir='ltr'><strong>in</strong></span> <span class='ocrx_word' id='word_1_160' title='bbox 3140 2625 3545 2702; x_wconf 75' lang='lat' dir='ltr'><strong>fineZSrin-</strong></span> 
     </span>
     <span class='ocr_line' id='line_1_17' title="bbox 488 2761 3549 2866; baseline -0 -30"><span class='ocrx_word' id='word_1_161' title='bbox 488 2765 912 2866; x_wconf 67' lang='lat' dir='ltr'><strong>garasataci:</strong></span> <span class='ocrx_word' id='word_1_162' title='bbox 996 2765 1072 2836; x_wconf 93' lang='lat' dir='ltr'><strong>in</strong></span> <span class='ocrx_word' id='word_1_163' title='bbox 1134 2762 1307 2837; x_wconf 89' lang='lat' dir='ltr'><strong>libri</strong></span> <span class='ocrx_word' id='word_1_164' title='bbox 1370 2779 1617 2838; x_wconf 88' lang='lat' dir='ltr'><strong>tamen</strong></span> <span class='ocrx_word' id='word_1_165' title='bbox 1681 2761 1775 2838; x_wconf 92' lang='lat' dir='ltr'><strong>de</strong></span> <span class='ocrx_word' id='word_1_166' title='bbox 1841 2762 2104 2838; x_wconf 86' lang='lat' dir='ltr'><strong>officiis</strong></span> <span class='ocrx_word' id='word_1_167' title='bbox 2165 2762 2486 2838; x_wconf 87' lang='lat' dir='ltr'><strong>clausula</strong></span> <span class='ocrx_word' id='word_1_168' title='bbox 2549 2763 2740 2838; x_wconf 90' lang='lat' dir='ltr'><strong>hanc</strong></span> <span class='ocrx_word' id='word_1_169' title='bbox 2803 2765 3206 2839; x_wconf 90' lang='lat' dir='ltr'><strong>centuriam</strong></span> <span class='ocrx_word' id='word_1_170' title='bbox 3246 2767 3549 2865; x_wconf 78' lang='lat' dir='ltr'><strong>pre&#39;mam</strong></span> 
     </span>
     <span class='ocr_line' id='line_1_18' title="bbox 489 2897 3546 3005; baseline -0 -29"><span class='ocrx_word' id='word_1_171' title='bbox 489 2899 839 3005; x_wconf 86' lang='lat' dir='ltr'><strong>appellat,</strong></span> <span class='ocrx_word' id='word_1_172' title='bbox 898 2916 999 2992; x_wconf 91' lang='lat' dir='ltr'><strong>et,</strong></span> <span class='ocrx_word' id='word_1_173' title='bbox 1058 2898 1263 3002; x_wconf 86' lang='lat' dir='ltr'><strong>quod</strong></span> <span class='ocrx_word' id='word_1_174' title='bbox 1315 2903 1393 2974; x_wconf 91' lang='lat' dir='ltr'><strong>in</strong></span> <span class='ocrx_word' id='word_1_175' title='bbox 1445 2901 1603 2975; x_wconf 83' lang='lat' dir='ltr'><strong>aliis</strong></span> <span class='ocrx_word' id='word_1_176' title='bbox 1652 2900 1862 2974; x_wconf 92' lang='lat' dir='ltr'><strong>libris</strong></span> <span class='ocrx_word' id='word_1_177' title='bbox 1908 2900 2255 3003; x_wconf 84' lang='lat' dir='ltr'><strong>neglexit,</strong></span> <span class='ocrx_word' id='word_1_178' title='bbox 2316 2899 2948 2976; x_wconf 86' lang='lat' dir='ltr'><strong>Commentarium</strong></span> <span class='ocrx_word' id='word_1_179' title='bbox 2979 2898 3270 2974; x_wconf 86' lang='lat' dir='ltr'><strong>finitum</strong></span> <span class='ocrx_word' id='word_1_180' title='bbox 3306 2897 3546 2975; x_wconf 83' lang='lat' dir='ltr'><strong>decla-</strong></span> 
     </span>
     <span class='ocr_line' id='line_1_19' title="bbox 490 3035 3551 3150; baseline 0.005 -15"><span class='ocrx_word' id='word_1_181' title='bbox 490 3035 3551 3150; x_wconf 50' lang='lat' dir='ltr'><strong>ranffiuaffiquazttfflrassuwwuffiuffimffiffi</strong></span> 
     </span>
     <span class='ocr_line' id='line_1_20' title="bbox 490 3171 3548 3278; baseline -0 -30"><span class='ocrx_word' id='word_1_182' title='bbox 490 3177 770 3271; x_wconf 67' lang='grc' dir='ltr'><strong>ᾓειῑῐαῗ</strong></span> <span class='ocrx_word' id='word_1_183' title='bbox 832 3176 1238 3270; x_wconf 58' lang='grc' dir='ltr'><strong>τῇῐ-ῗῃῑιῃειῖῑ</strong></span> <span class='ocrx_word' id='word_1_184' title='bbox 1297 3202 1537 3278; x_wconf 50' lang='grc' dir='ltr'><strong>ἕπῃ-Ἡ</strong></span> <span class='ocrx_word' id='word_1_185' title='bbox 1605 3206 1635 3261; x_wconf 80' lang='grc' dir='ltr'><strong>ιι</strong></span> <span class='ocrx_word' id='word_1_186' title='bbox 1704 3178 1823 3248; x_wconf 89' lang='lat' dir='ltr'><strong>cui</strong></span> <span class='ocrx_word' id='word_1_187' title='bbox 1875 3171 2047 3248; x_wconf 89' lang='lat' dir='ltr'><strong>addi</strong></span> <span class='ocrx_word' id='word_1_188' title='bbox 2098 3192 2347 3276; x_wconf 85' lang='lat' dir='ltr'><strong>potest</strong></span> <span class='ocrx_word' id='word_1_189' title='bbox 2397 3172 2714 3251; x_wconf 88' lang='lat' dir='ltr'><strong>eundem</strong></span> <span class='ocrx_word' id='word_1_190' title='bbox 2767 3191 3419 3249; x_wconf 88' lang='lat' dir='ltr'><strong>commentatorem</strong></span> <span class='ocrx_word' id='word_1_191' title='bbox 3470 3176 3548 3247; x_wconf 89' lang='lat' dir='ltr'><strong>in</strong></span> 
     </span>
    </p>
   </div>
   <div class='ocr_carea' id='block_1_3' title="bbox 393 3307 3547 5046">
    <p class='ocr_par' dir='ltr' id='par_1_3' title="bbox 393 3307 3547 5046">
     <span class='ocr_line' id='line_1_21' title="bbox 495 3307 3546 3411; baseline -0.001 -27"><span class='ocrx_word' id='word_1_192' title='bbox 495 3310 658 3385; x_wconf 88' lang='lat' dir='ltr'><strong>solo</strong></span> <span class='ocrx_word' id='word_1_193' title='bbox 692 3309 816 3408; x_wconf 47' lang='lat' dir='ltr'><strong>‚dc</strong></span> <span class='ocrx_word' id='word_1_194' title='bbox 887 3309 1147 3383; x_wconf 85' lang='lat' dir='ltr'><strong>officiis</strong></span> <span class='ocrx_word' id='word_1_195' title='bbox 1211 3309 1384 3383; x_wconf 87' lang='lat' dir='ltr'><strong>libri</strong></span> <span class='ocrx_word' id='word_1_196' title='bbox 1449 3312 1659 3382; x_wconf 87' lang='lat' dir='ltr'><strong>initio</strong></span> <span class='ocrx_word' id='word_1_197' title='bbox 1727 3310 1954 3383; x_wconf 87' lang='lat' dir='ltr'><strong>fusius</strong></span> <span class='ocrx_word' id='word_1_198' title='bbox 2020 3307 2114 3382; x_wconf 93' lang='lat' dir='ltr'><strong>de</strong></span> <span class='ocrx_word' id='word_1_199' title='bbox 2176 3325 2402 3411; x_wconf 87' lang='lat' dir='ltr'><strong>poeta</strong></span> <span class='ocrx_word' id='word_1_200' title='bbox 2451 3314 2942 3385; x_wconf 87' lang='lat' dir='ltr'><strong>narrationem</strong></span> <span class='ocrx_word' id='word_1_201' title='bbox 2993 3314 3417 3402; x_wconf 85' lang='lat' dir='ltr'><strong>instituere,¹</strong></span> <span class='ocrx_word' id='word_1_202' title='bbox 3468 3311 3546 3405; x_wconf 86' lang='lat' dir='ltr'><strong>in</strong></span> 
     </span>
     <span class='ocr_line' id='line_1_22' title="bbox 495 3444 3544 3556; baseline -0.001 -38"><span class='ocrx_word' id='word_1_203' title='bbox 495 3447 810 3556; x_wconf 79' lang='lat' dir='ltr'><strong>aliorum</strong></span> <span class='ocrx_word' id='word_1_204' title='bbox 861 3460 1116 3517; x_wconf 91' lang='lat' dir='ltr'><strong>eontra</strong></span> <span class='ocrx_word' id='word_1_205' title='bbox 1167 3444 1529 3517; x_wconf 89' lang='lat' dir='ltr'><strong>librorum</strong></span> <span class='ocrx_word' id='word_1_206' title='bbox 1581 3446 1819 3543; x_wconf 88' lang='lat' dir='ltr'><strong>eapite</strong></span> <span class='ocrx_word' id='word_1_207' title='bbox 1870 3469 2029 3516; x_wconf 88' lang='lat' dir='ltr'><strong>rem</strong></span> <span class='ocrx_word' id='word_1_208' title='bbox 2078 3447 2294 3517; x_wconf 90' lang='lat' dir='ltr'><strong>tacite</strong></span> <span class='ocrx_word' id='word_1_209' title='bbox 2345 3444 2684 3545; x_wconf 68' lang='lat' dir='ltr'><strong>aggredi,¹</strong></span> <span class='ocrx_word' id='word_1_210' title='bbox 2719 3447 2820 3519; x_wconf 87' lang='lat' dir='ltr'><strong>ita</strong></span> <span class='ocrx_word' id='word_1_211' title='bbox 2869 3461 2956 3518; x_wconf 86' lang='lat' dir='ltr'><strong>ut</strong></span> <span class='ocrx_word' id='word_1_212' title='bbox 2988 3449 3251 3518; x_wconf 90' lang='lat' dir='ltr'><strong>merito</strong></span> <span class='ocrx_word' id='word_1_213' title='bbox 3286 3458 3544 3545; x_wconf 87' lang='lat' dir='ltr'><strong>putare</strong></span> 
     </span>
     <span class='ocr_line' id='line_1_23' title="bbox 490 3576 3545 3684; baseline -0 -32"><span class='ocrx_word' id='word_1_214' title='bbox 490 3582 727 3684; x_wconf 87' lang='lat' dir='ltr'><strong>possis</strong></span> <span class='ocrx_word' id='word_1_215' title='bbox 814 3602 981 3651; x_wconf 87' lang='lat' dir='ltr'><strong>eum</strong></span> <span class='ocrx_word' id='word_1_216' title='bbox 1051 3576 1209 3651; x_wconf 85' lang='lat' dir='ltr'><strong>Niti</strong></span> <span class='ocrx_word' id='word_1_217' title='bbox 1280 3579 1607 3651; x_wconf 90' lang='lat' dir='ltr'><strong>centuria</strong></span> <span class='ocrx_word' id='word_1_218' title='bbox 1681 3591 1915 3650; x_wconf 91' lang='lat' dir='ltr'><strong>totam</strong></span> <span class='ocrx_word' id='word_1_219' title='bbox 1988 3580 2317 3679; x_wconf 88' lang='lat' dir='ltr'><strong>incipere</strong></span> <span class='ocrx_word' id='word_1_220' title='bbox 2396 3577 2940 3652; x_wconf 87' lang='lat' dir='ltr'><strong>collectionem.</strong></span> <span class='ocrx_word' id='word_1_221' title='bbox 3060 3576 3209 3652; x_wconf 89' lang='lat' dir='ltr'><strong>Sed</strong></span> <span class='ocrx_word' id='word_1_222' title='bbox 3246 3630 3250 3633; x_wconf 87' lang='lat'>-</span> <span class='ocrx_word' id='word_1_223' title='bbox 3289 3602 3545 3653; x_wconf 87' lang='lat' dir='ltr'><strong>omnes</strong></span> 
     </span>
     <span class='ocr_line' id='line_1_24' title="bbox 493 3712 3542 3817; baseline -0.001 -28"><span class='ocrx_word' id='word_1_224' title='bbox 493 3716 709 3790; x_wconf 88' lang='lat' dir='ltr'><strong>hasce</strong></span> <span class='ocrx_word' id='word_1_225' title='bbox 767 3718 1115 3808; x_wconf 88' lang='lat' dir='ltr'><strong>rationes,</strong></span> <span class='ocrx_word' id='word_1_226' title='bbox 1188 3717 1479 3787; x_wconf 90' lang='lat' dir='ltr'><strong>iamiam</strong></span> <span class='ocrx_word' id='word_1_227' title='bbox 1544 3714 1683 3786; x_wconf 85' lang='lat' dir='ltr'><strong>sibi</strong></span> <span class='ocrx_word' id='word_1_228' title='bbox 1744 3715 2122 3815; x_wconf 88' lang='lat' dir='ltr'><strong>oppositas</strong></span> <span class='ocrx_word' id='word_1_229' title='bbox 2174 3713 2279 3786; x_wconf 87' lang='lat' dir='ltr'><strong>nil</strong></span> <span class='ocrx_word' id='word_1_230' title='bbox 2330 3716 2676 3817; x_wconf 87' lang='lat' dir='ltr'><strong>probare,</strong></span> <span class='ocrx_word' id='word_1_231' title='bbox 2748 3713 3059 3815; x_wconf 78' lang='lat' dir='ltr'><strong>quilibet</strong></span> <span class='ocrx_word' id='word_1_232' title='bbox 3107 3717 3265 3816; x_wconf 88' lang='lat' dir='ltr'><strong>ipse</strong></span> <span class='ocrx_word' id='word_1_233' title='bbox 3313 3712 3542 3805; x_wconf 80' lang='lat' dir='ltr'><strong>videt,</strong></span> 
     </span>
     <span class='ocr_line' id='line_1_25' title="bbox 495 3850 3545 3953; baseline -0.001 -28"><span class='ocrx_word' id='word_1_234' title='bbox 495 3854 825 3953; x_wconf 86' lang='lat' dir='ltr'><strong>inprimis</strong></span> <span class='ocrx_word' id='word_1_235' title='bbox 876 3855 936 3923; x_wconf 90' lang='lat' dir='ltr'><strong>si</strong></span> <span class='ocrx_word' id='word_1_236' title='bbox 986 3867 1380 3925; x_wconf 85' lang='lat' dir='ltr'><strong>statuamus</strong></span> <span class='ocrx_word' id='word_1_237' title='bbox 1432 3850 1899 3925; x_wconf 87' lang='lat' dir='ltr'><strong>Nitisatacam</strong></span> <span class='ocrx_word' id='word_1_238' title='bbox 1954 3854 2354 3953; x_wconf 87' lang='lat' dir='ltr'><strong>antiquitus</strong></span> <span class='ocrx_word' id='word_1_239' title='bbox 2393 3851 2634 3925; x_wconf 89' lang='lat' dir='ltr'><strong>solum</strong></span> <span class='ocrx_word' id='word_1_240' title='bbox 2670 3853 3047 3941; x_wconf 82' lang='lat' dir='ltr'><strong>exstitisse,</strong></span> <span class='ocrx_word' id='word_1_241' title='bbox 3109 3874 3334 3953; x_wconf 83' lang='lat' dir='ltr'><strong>quare</strong></span> <span class='ocrx_word' id='word_1_242' title='bbox 3371 3875 3545 3923; x_wconf 89' lang='lat' dir='ltr'><strong>con-</strong></span> 
     </span>
     <span class='ocr_line' id='line_1_26' title="bbox 494 3983 3545 4089; baseline -0.002 -25"><span class='ocrx_word' id='word_1_243' title='bbox 494 3987 751 4064; x_wconf 89' lang='lat' dir='ltr'><strong>sultius</strong></span> <span class='ocrx_word' id='word_1_244' title='bbox 803 3989 1038 4061; x_wconf 82' lang='lat' dir='ltr'><strong>visum</strong></span> <span class='ocrx_word' id='word_1_245' title='bbox 1089 4001 1223 4078; x_wconf 89' lang='lat' dir='ltr'><strong>est,</strong></span> <span class='ocrx_word' id='word_1_246' title='bbox 1284 3983 1618 4061; x_wconf 89' lang='lat' dir='ltr'><strong>ordinem</strong></span> <span class='ocrx_word' id='word_1_247' title='bbox 1672 4012 1895 4089; x_wconf 89' lang='lat' dir='ltr'><strong>quem</strong></span> <span class='ocrx_word' id='word_1_248' title='bbox 1936 3985 2140 4062; x_wconf 88' lang='lat' dir='ltr'><strong>Edit.</strong></span> <span class='ocrx_word' id='word_1_249' title='bbox 2184 3987 2302 4062; x_wconf 89' lang='lat' dir='ltr'><strong>Sr.</strong></span> <span class='ocrx_word' id='word_1_250' title='bbox 2343 3985 2630 4062; x_wconf 88' lang='lat' dir='ltr'><strong>induxit</strong></span> <span class='ocrx_word' id='word_1_251' title='bbox 2679 4013 2994 4080; x_wconf 86' lang='lat' dir='ltr'><strong>servare,</strong></span> <span class='ocrx_word' id='word_1_252' title='bbox 3051 3989 3396 4088; x_wconf 84' lang='lat' dir='ltr'><strong>primum,</strong></span> <span class='ocrx_word' id='word_1_253' title='bbox 3452 4009 3545 4059; x_wconf 89' lang='lat' dir='ltr'><strong>ne</strong></span> 
     </span>
     <span class='ocr_line' id='line_1_27' title="bbox 393 4115 3547 4224; baseline -0.002 -28"><span class='ocrx_word' id='word_1_254' title='bbox 393 4186 397 4189; x_wconf 91' lang='lat'>.</span> <span class='ocrx_word' id='word_1_255' title='bbox 496 4124 789 4224; x_wconf 84' lang='lat' dir='ltr'><strong>integris</strong></span> <span class='ocrx_word' id='word_1_256' title='bbox 852 4119 1061 4191; x_wconf 86' lang='lat' dir='ltr'><strong>libris</strong></span> <span class='ocrx_word' id='word_1_257' title='bbox 1123 4124 1582 4220; x_wconf 84' lang='lat' dir='ltr'><strong>transpositis</strong></span> <span class='ocrx_word' id='word_1_258' title='bbox 1635 4124 1867 4194; x_wconf 88' lang='lat' dir='ltr'><strong>maior</strong></span> <span class='ocrx_word' id='word_1_259' title='bbox 1919 4125 2234 4195; x_wconf 85' lang='lat' dir='ltr'><strong>oriretur</strong></span> <span class='ocrx_word' id='word_1_260' title='bbox 2286 4123 2622 4195; x_wconf 87' lang='lat' dir='ltr'><strong>confusio</strong></span> <span class='ocrx_word' id='word_1_261' title='bbox 2674 4149 2759 4195; x_wconf 91' lang='lat' dir='ltr'><strong>ac</strong></span> <span class='ocrx_word' id='word_1_262' title='bbox 2811 4121 3317 4222; x_wconf 84' lang='lat' dir='ltr'><strong>discrepantia,</strong></span> <span class='ocrx_word' id='word_1_263' title='bbox 3376 4115 3547 4192; x_wconf 87' lang='lat' dir='ltr'><strong>dein</strong></span> 
     </span>
     <span class='ocr_line' id='line_1_28' title="bbox 495 4252 3546 4361; baseline -0.002 -26"><span class='ocrx_word' id='word_1_264' title='bbox 495 4275 736 4335; x_wconf 84' lang='lat' dir='ltr'><strong>autem</strong></span> <span class='ocrx_word' id='word_1_265' title='bbox 812 4257 983 4359; x_wconf 87' lang='lat' dir='ltr'><strong>quia</strong></span> <span class='ocrx_word' id='word_1_266' title='bbox 1058 4279 1146 4328; x_wconf 84' lang='lat' dir='ltr'><strong>cx</strong></span> <span class='ocrx_word' id='word_1_267' title='bbox 1211 4270 1455 4330; x_wconf 89' lang='lat' dir='ltr'><strong>mente</strong></span> <span class='ocrx_word' id='word_1_268' title='bbox 1517 4252 1876 4329; x_wconf 86' lang='lat' dir='ltr'><strong>Indorum</strong></span> <span class='ocrx_word' id='word_1_269' title='bbox 1939 4282 2078 4331; x_wconf 92' lang='lat' dir='ltr'><strong>nos</strong></span> <span class='ocrx_word' id='word_1_270' title='bbox 2143 4260 2368 4360; x_wconf 82' lang='lat' dir='ltr'><strong>egisse</strong></span> <span class='ocrx_word' id='word_1_271' title='bbox 2432 4274 2772 4361; x_wconf 86' lang='lat' dir='ltr'><strong>putamus</strong></span> <span class='ocrx_word' id='word_1_272' title='bbox 2838 4254 3041 4361; x_wconf 88' lang='lat' dir='ltr'><strong>quod</strong></span> <span class='ocrx_word' id='word_1_273' title='bbox 3108 4254 3546 4332; x_wconf 86' lang='lat' dir='ltr'><strong>iuvenilibus</strong></span> 
     </span>
     <span class='ocr_line' id='line_1_29' title="bbox 499 4392 3545 4503; baseline -0.002 -29"><span class='ocrx_word' id='word_1_274' title='bbox 499 4398 839 4503; x_wconf 85' lang='lat' dir='ltr'><strong>nequitiis</strong></span> <span class='ocrx_word' id='word_1_275' title='bbox 899 4396 1330 4498; x_wconf 87' lang='lat' dir='ltr'><strong>incipientes</strong></span> <span class='ocrx_word' id='word_1_276' title='bbox 1383 4392 1475 4468; x_wconf 90' lang='lat' dir='ltr'><strong>ad</strong></span> <span class='ocrx_word' id='word_1_277' title='bbox 1526 4394 1753 4469; x_wconf 84' lang='lat' dir='ltr'><strong>virilis</strong></span> <span class='ocrx_word' id='word_1_278' title='bbox 1816 4399 2067 4470; x_wconf 88' lang='lat' dir='ltr'><strong>aetatis</strong></span> <span class='ocrx_word' id='word_1_279' title='bbox 2121 4396 2363 4471; x_wconf 84' lang='lat' dir='ltr'><strong>officia</strong></span> <span class='ocrx_word' id='word_1_280' title='bbox 2416 4400 2828 4473; x_wconf 79' lang='lat' dir='ltr'><strong>et‘morum</strong></span> <span class='ocrx_word' id='word_1_281' title='bbox 2877 4405 3268 4501; x_wconf 86' lang='lat' dir='ltr'><strong>praecepta</strong></span> <span class='ocrx_word' id='word_1_282' title='bbox 3317 4411 3545 4469; x_wconf 90' lang='lat' dir='ltr'><strong>trans·</strong></span> 
     </span>
     <span class='ocr_line' id='line_1_30' title="bbox 500 4524 3547 4642; baseline -0.002 -31"><span class='ocrx_word' id='word_1_283' title='bbox 500 4540 719 4642; x_wconf 89' lang='lat' dir='ltr'><strong>gressi</strong></span> <span class='ocrx_word' id='word_1_284' title='bbox 772 4533 1166 4611; x_wconf 82' lang='lat' dir='ltr'><strong>devotione</strong></span> <span class='ocrx_word' id='word_1_285' title='bbox 1219 4532 1435 4608; x_wconf 90' lang='lat' dir='ltr'><strong>senili</strong></span> <span class='ocrx_word' id='word_1_286' title='bbox 1468 4559 1571 4608; x_wconf 81' lang='lat' dir='ltr'><strong>ac</strong></span> <span class='ocrx_word' id='word_1_287' title='bbox 1620 4538 2104 4637; x_wconf 88' lang='lat' dir='ltr'><strong>poenitentia,</strong></span> <span class='ocrx_word' id='word_1_288' title='bbox 2162 4553 2246 4611; x_wconf 91' lang='lat' dir='ltr'><strong>ut</strong></span> <span class='ocrx_word' id='word_1_289' title='bbox 2295 4537 2539 4611; x_wconf 85' lang='lat' dir='ltr'><strong>solent</strong></span> <span class='ocrx_word' id='word_1_290' title='bbox 2587 4535 2734 4629; x_wconf 90' lang='lat' dir='ltr'><strong>illi,</strong></span> <span class='ocrx_word' id='word_1_291' title='bbox 2801 4534 3167 4611; x_wconf 82' lang='lat' dir='ltr'><strong>finivimus</strong></span> <span class='ocrx_word' id='word_1_292' title='bbox 3239 4524 3547 4607; x_wconf 82' lang='lat' dir='ltr'><strong>sortasse</strong></span> 
     </span>
     <span class='ocr_line' id='line_1_31' title="bbox 500 4671 3545 4781; baseline -0.002 -30"><span class='ocrx_word' id='word_1_293' title='bbox 500 4675 819 4778; x_wconf 82' lang='lat' dir='ltr'><strong>denique</strong></span> <span class='ocrx_word' id='word_1_294' title='bbox 870 4672 1311 4777; x_wconf 87' lang='lat' dir='ltr'><strong>compilator</strong></span> <span class='ocrx_word' id='word_1_295' title='bbox 1360 4676 1517 4775; x_wconf 87' lang='lat' dir='ltr'><strong>ipse</strong></span> <span class='ocrx_word' id='word_1_296' title='bbox 1570 4671 1663 4746; x_wconf 92' lang='lat' dir='ltr'><strong>de</strong></span> <span class='ocrx_word' id='word_1_297' title='bbox 1716 4674 2026 4748; x_wconf 89' lang='lat' dir='ltr'><strong>consilio</strong></span> <span class='ocrx_word' id='word_1_298' title='bbox 2067 4674 2599 4749; x_wconf 62' lang='lat' dir='ltr'><strong>&#39;collectionem</strong></span> <span class='ocrx_word' id='word_1_299' title='bbox 2653 4699 2856 4747; x_wconf 92' lang='lat' dir='ltr'><strong>suam</strong></span> <span class='ocrx_word' id='word_1_300' title='bbox 2907 4673 2999 4745; x_wconf 88' lang='lat' dir='ltr'><strong>ab</strong></span> <span class='ocrx_word' id='word_1_301' title='bbox 3052 4674 3373 4781; x_wconf 62' lang='grc' dir='ltr'>ἐρωτικοῖς</span> <span class='ocrx_word' id='word_1_302' title='bbox 3422 4697 3545 4745; x_wconf 90' lang='lat' dir='ltr'><strong>au-</strong></span> 
     </span>
     <span class='ocr_line' id='line_1_32' title="bbox 501 4807 3544 4914; baseline -0.002 -28"><span class='ocrx_word' id='word_1_303' title='bbox 501 4813 915 4914; x_wconf 85' lang='lat' dir='ltr'><strong>spicabatur</strong></span> <span class='ocrx_word' id='word_1_304' title='bbox 976 4809 1448 4899; x_wconf 82' lang='lat' dir='ltr'><strong>carminibus,</strong></span> <span class='ocrx_word' id='word_1_305' title='bbox 1517 4836 1666 4909; x_wconf 87' lang='lat' dir='ltr'><strong>quo</strong></span> <span class='ocrx_word' id='word_1_306' title='bbox 1728 4809 2040 4883; x_wconf 89' lang='lat' dir='ltr'><strong>lectores</strong></span> <span class='ocrx_word' id='word_1_307' title='bbox 2092 4809 2185 4884; x_wconf 89' lang='lat' dir='ltr'><strong>ad</strong></span> <span class='ocrx_word' id='word_1_308' title='bbox 2236 4812 2518 4912; x_wconf 82' lang='lat' dir='ltr'><strong>reliqua</strong></span> <span class='ocrx_word' id='word_1_309' title='bbox 2573 4833 2872 4910; x_wconf 85' lang='lat' dir='ltr'><strong>quoque</strong></span> <span class='ocrx_word' id='word_1_310' title='bbox 2925 4807 3252 4883; x_wconf 87' lang='lat' dir='ltr'><strong>alliceret</strong></span> <span class='ocrx_word' id='word_1_311' title='bbox 3302 4825 3377 4883; x_wconf 90' lang='lat' dir='ltr'><strong>et</strong></span> <span class='ocrx_word' id='word_1_312' title='bbox 3425 4831 3544 4880; x_wconf 85' lang='lat' dir='ltr'><strong>ex-</strong></span> 
     </span>
     <span class='ocr_line' id='line_1_33' title="bbox 503 4941 3545 5046; baseline -0.002 -25"><span class='ocrx_word' id='word_1_313' title='bbox 503 4951 778 5021; x_wconf 90' lang='lat' dir='ltr'><strong>citaret.</strong></span> <span class='ocrx_word' id='word_1_314' title='bbox 883 4942 1032 5017; x_wconf 86' lang='lat' dir='ltr'><strong>Res</strong></span> <span class='ocrx_word' id='word_1_315' title='bbox 1093 4967 1323 5046; x_wconf 88' lang='lat' dir='ltr'><strong>porro</strong></span> <span class='ocrx_word' id='word_1_316' title='bbox 1386 4968 1542 5017; x_wconf 91' lang='lat' dir='ltr'><strong>non</strong></span> <span class='ocrx_word' id='word_1_317' title='bbox 1605 4946 1844 5017; x_wconf 88' lang='lat' dir='ltr'><strong>minus</strong></span> <span class='ocrx_word' id='word_1_318' title='bbox 1907 4941 2132 5018; x_wconf 91' lang='lat' dir='ltr'><strong>ardua</strong></span> <span class='ocrx_word' id='word_1_319' title='bbox 2196 4961 2349 5020; x_wconf 88' lang='lat' dir='ltr'><strong>erat</strong></span> <span class='ocrx_word' id='word_1_320' title='bbox 2410 4944 2726 5045; x_wconf 87' lang='lat' dir='ltr'><strong>singulas</strong></span> <span class='ocrx_word' id='word_1_321' title='bbox 2789 4946 3100 5019; x_wconf 82' lang='lat' dir='ltr'><strong>cuiusvis</strong></span> <span class='ocrx_word' id='word_1_322' title='bbox 3152 4943 3321 5017; x_wconf 87' lang='lat' dir='ltr'><strong>libri</strong></span> <span class='ocrx_word' id='word_1_323' title='bbox 3382 4966 3545 5017; x_wconf 88' lang='lat' dir='ltr'><strong>sen-</strong></span> 
     </span>
    </p>
   </div>
  </div>
 </body>
</html>
