4126 5595
609 598 724 686 96
982 705 991 713 ·
1499 613 2146 679 BnAnTmnAms
2179 642 2185 650 ·
2214 615 2775 685 snm-Eurus.

667 814 789 886 94.
845 806 1106 887 Puella
1154 806 1281 882 illa
1329 808 1406 882 in
1458 831 1578 881 me
1630 831 1924 911 semper
1974 806 2275 882 oculum
2327 811 2653 904 coniicit,
2708 808 3185 916 Nymphaeae
3219 814 3380 890 folii
3415 816 3662 922 splen·

853 944 1111 1021 dorem
1160 946 1592 1048 rapientem:
1653 942 1832 1048 quid
1883 943 1994 1017 illi
2040 947 2123 1018 in
2153 948 2345 1022 votis
2381 945 2539 1021 est?
2587 946 2795 1023 Abiit
2827 949 3047 1024 nobis
3080 952 3387 1047 insania,
3439 953 3668 1027 Amo-

850 1084 948 1156 ris
1008 1082 1374 1157 venatoris
1424 1079 1612 1173 tela,
1681 1077 2159 1154 immodicum
2209 1080 2435 1155 febris
2486 1095 2766 1157 aestum
2816 1087 3218 1187 gignentia,
3283 1092 3671 1191 conquies-

852 1233 1064 1293 cunt:
1121 1243 1263 1293 nec
1310 1232 1560 1292 tamen
1609 1215 1894 1291 misella
1945 1215 2071 1291 illa
2125 1219 2459 1320 quiescit.

670 1358 791 1433 96.
832 1354 1166 1434 Pulchra
1234 1353 1536 1448 domus,
1594 1351 1946 1431 delicatae
1979 1354 2347 1459 tpueuae,
2376 1423 2384 1432 .
2415 1354 2725 1433 candida
2774 1358 3138 1455 umbella,
3211 1360 3505 1437 fortuna
3557 1386 3669 1438 se-

858 1490 1124 1572 cunda:
1181 1490 1295 1569 bis
1348 1494 1692 1569 omnibus
1742 1507 1940 1569 certe
1974 1493 2242 1570 fruitur
2276 1497 2406 1600 qui
2436 1497 2646 1572 bono
2686 1501 2897 1602 operi
2931 1501 3286 1575 continuo
3325 1515 3434 1575 est
3466 1497 3669 1576 dedi·

851 1650 999 1726 tus;
1055 1648 1131 1707 at
1175 1633 1310 1706 ubi
1358 1630 1506 1706 hoc
1558 1628 2034 1726 desideratur,
2091 1633 2198 1707 ibi
2246 1658 2539 1737 semper
2586 1636 2974 1739 abruptam
3018 1635 3361 1714 videbitis
3406 1637 3674 1712 lineam

856 1768 1088 1860 illam,
1148 1792 1336 1870 quae
1386 1765 1842 1869 voluptatem
1894 1791 1984 1840 ex
2014 1766 2310 1841 Amoris
2342 1771 2494 1842 ri'xa
2529 1767 2959 1872 capiendam
2993 1784 3357 1864 tenuerat,
3418 1799 3670 1875 quem-

859 1900 1260 1977 admodum
1293 1904 1835 2002 margaritarum
1869 1917 2143 1975 sertum
2168 1895 2316 1978 cito
2350 1906 2428 1976 in
2461 1928 2714 1977 omnes
2750 1907 3082 2005 regiones
3117 1902 3562 1981 dissolvitur.

671 2040 793 2114 96.
852 2038 1186 2131 Homini,
1243 2063 1495 2111 sensus
1547 2007 1945 2128 coercenti,
2004 2040 2207 2111 cuius
2257 2040 2503 2111 animo
2554 2041 2956 2142 mentique,
3014 2065 3304 2145 semper
3347 2067 3485 2145 per
3517 2041 3667 2116 Yo-

850 2200 980 2278 gae
1033 2170 1642 2249 consuetudinem
1693 2171 2135 2247 calamitates
2186 2170 2767 2266 devincentibus,
2834 2173 3139 2251 indivisa
3189 2177 3443 2253 illucet
3493 2182 3670 2252 ami·

851 2313 1060 2402 citia;
1131 2307 1309 2412 quid
1361 2308 1472 2382 illi
1525 2335 1691 2383 cum
1741 2307 2032 2383 blandis
2085 2307 2514 2384 dilectarum
2567 2307 3175 2403 allocutionibus,
3242 2339 3411 2387 cum
3459 2313 3673 2387 labiis

857 2447 1318 2535 suavissimis,
1376 2469 1545 2517 cum
1595 2443 1807 2517 faciei
1857 2443 2079 2536 lunis,
2137 2469 2303 2517 cum
2356 2442 2705 2518 exhalatis
2758 2441 3125 2519 odoribus,
3168 2461 3244 2521 ct
3291 2472 3459 2520 cum
3503 2472 3673 2547 gau-

857 2581 995 2657 diis
1047 2604 1137 2653 ex
1188 2579 1530 2682 amplexu
1576 2578 1893 2653 uberum
1941 2604 2284 2656 vasorum
2336 2581 2564 2653 enatis
2577 2577 2627 2653 ἲ·

674 2716 798 2792 97.
860 2713 1017 2792 Cur
1089 2715 1327 2790 Amor
1400 2741 1698 2790 manum
1773 2714 2024 2818 fatigas
2101 2712 2416 2789 smstra?
2494 2711 2696 2809 Quid
2766 2712 2869 2788 dc.
2926 2739 3101 2790 arcu
3164 2713 3386 2790 facias
3451 2682 3701 2820 apum·

857 2856 1168 2960 strepitu
1215 2852 1623 2931 instructo?
1673 2853 1874 2931 Heus
1928 2879 1974 2927 o
2024 2852 2358 2946 luscinia,
2418 2850 2597 2956 quid
2649 2854 2982 2931 cantibus
3034 2857 3360 2930 amoenis
3405 2854 3669 2931 frustra

857 2989 1185 3068 incedis?
1238 2989 1308 3065 O
1359 2990 1638 3094 puella,
1695 3016 1920 3092 apage
1972 3016 2141 3063 cum
2174 2992 2354 3065 iocis
2389 2993 2541 3064 istis
2576 2995 2785 3083 caris,
2844 2993 3060 3093 aptis,
3117 2993 3663 3084 innocentibus,

857 3125 1193 3203 iucundis
1257 3140 1333 3200 et
1396 3151 1564 3198 cum
1627 3124 2015 3198 oculorum
2072 3125 2440 3199 nictibus?
2513 3126 2728 3200 Mens
2791 3125 3175 3202 osculatur
3221 3141 3295 3201 et
3343 3142 3674 3203 versatur

855 3267 936 3339 in
983 3278 1278 3338 nectare
1330 3258 1825 3336 meditationis
1875 3259 1968 3335 ad
2019 3258 2291 3364 pedem
2340 3260 2537 3335 illius
2586 3260 2734 3336 Dei
2786 3264 2916 3363 qui
2970 3262 3221 3336 lunam
3273 3265 3350 3336 in
3399 3265 3673 3338 vertice

852 3399 1020 3474 fert.
3053 3383 3059 3389 ’

590 3632 602 3647 „
675 3541 797 3614 98.
858 3532 1233 3631 Quamdiu
1304 3534 1522 3608 nobis
1591 3549 1745 3609 erat
1806 3535 2253 3636 ignorantia,
2338 3557 2428 3606 ex
2488 3533 2954 3634 tenebricoso
3017 3537 3285 3610 amoris
3351 3534 3673 3638 impulsu

860 3688 1111 3762 enata,
1178 3667 1458 3744 tamdiu
1514 3684 1716 3743 totus
1779 3667 2132 3762 mundus,
2204 3668 2407 3743 nulla
2459 3667 2928 3744 distinctione
2990 3669 3219 3762 sacta,
3286 3668 3673 3747 videbatur

857 3805 1160 3878 mulier:
1242 3829 1441 3876 nunc
1502 3818 1745 3876 autem
1802 3805 2058 3894 nobis,
2131 3806 2499 3877 verissima
2562 3804 2915 3904 sapientia
2977 3803 3277 3876 oculum
3324 3820 3675 3906 tanquam

859 3940 1079 4015 stibio
1157 3939 1623 4012 accuentibus
1644 3992 1665 4029 ,
1748 3938 2012 4011 similis·
2074 3938 2269 4012 visus
2340 3934 2462 4011 vel
2538 3950 2780 4011 totum
2846 3939 3265 4013 universum
3325 3952 3672 4040 tanquam

859 4072 1254 4149 Brahmam
1302 4068 1740 4148 considerat.

677 4216 801 4288 99.
858 4211 950 4286 In
1002 4208 1397 4288 devotione
1451 4209 1866 4285 ambulatur
1913 4236 2130 4303 unus,
2188 4207 2374 4284 alter
2408 4206 2649 4285 officia
2683 4211 3038 4313 sequitur,
3096 4210 3466 4287 amoribus
3501 4236 3671 4314 gau·

861 4346 989 4423 det
1035 4348 1257 4423 alius:
1316 4350 1419 4422 sic
1471 4350 1547 4422 in
1598 4344 1879 4422 mundo
1933 4345 2348 4422 discrimina
2398 4361 2569 4421 sunt
2619 4350 2809 4420 inter
2860 4371 3141 4421 omnes.

642 4493 805 4558 100.
865 4479 1152 4577 Quodsi
1217 4487 1530 4585 cuipiam
1584 4509 1736 4557 non
1792 4497 1900 4557 cst
1948 4480 2342 4585 pulchrum
2397 4479 2707 4583 aliquid,
2778 4496 3020 4555 tamen
3070 4481 3178 4555 illi
3232 4480 3668 4557 desiderium

866 4635 977 4695 est
1038 4618 1362 4723 pulchri:
1442 4636 1526 4694 ut
1584 4622 1647 4695 si
1712 4619 2013 4694 alicuius
2078 4644 2283 4694 mens
2332 4617 2510 4693 luna
2563 4642 2716 4694 non
2767 4615 3028 4720 gaudet
3078 4635 3407 4711 venusta,
3467 4644 3667 4696 amo-

864 4782 1022 4833 rem
1070 4756 1495 4863 nymphaeis
1546 4755 1948 4861 impendat.
