4126 5595
1602 1275 2512 1392 PRAEFATIO.

530 1738 934 1906 Londini
988 1859 1216 1934 quum
1262 1847 1430 1908 ante
1463 1834 1873 1927 biennium,
1931 1837 2199 1910 summi
2229 1833 2618 1910 Borussiae
2661 1831 3049 1909 Ministerii
3091 1831 3586 1909 munificentia

527 1971 964 2041 commorari
1013 1967 1196 2042 mihi
1246 1968 1529 2060 liceret,
1587 1984 1696 2060 ut,
1758 1968 1963 2071 quod
2017 1968 2148 2043 diu
2201 1986 2356 2044 erat
2404 1973 2483 2042 in
2533 1971 2749 2060 votis,
2806 1968 3068 2042 litteris
3117 1965 3390 2043 Indicis
3437 1992 3581 2070 pro

525 2103 798 2177 viribus
848 2106 1029 2178 meis
1081 2102 1573 2195 consulerem,
1628 2103 1818 2176 nihil
1863 2105 2070 2205 prius
2123 2099 2467 2205 equidem
2519 2117 2593 2178 et
2644 2105 3012 2205 antiquius
3047 2100 3303 2197 habui,
3363 2127 3583 2206 quam

526 2254 609 2314 ut
669 2242 865 2317 sitim
915 2267 1155 2319 meam
1205 2243 1285 2316 in
1332 2238 1828 2345 Antiquitates
1876 2237 2175 2318 Indicae
2226 2242 2459 2345 gentis
2509 2238 3083 2318 ardentissimam
3134 2266 3582 2348 quocunque

528 2378 757 2454 modo
812 2380 1223 2483 explerem:
1280 2404 1435 2455 non
1487 2377 1730 2454 solum
1778 2379 1985 2456 libris
2042 2382 2442 2456 rarioribus
2503 2378 2830 2483 legendis
2890 2377 3453 2484 excerpendisve
3509 2395 3587 2456 et

532 2513 976 2590 editionibus
1026 2531 1357 2592 textuum
1391 2515 1930 2593 Sanseritorum
1967 2515 2477 2621 comparandis
2530 2533 2751 2619 atque
2804 2514 3159 2608 emendis,
3216 2513 3347 2590 sed
3393 2515 3584 2591 scul-

523 2655 760 2751 pturis
827 2676 1128 2752 quoque
1195 2665 1268 2725 et
1327 2654 1661 2753 picturis,
1732 2677 1919 2753 quae
1983 2655 2060 2726 in
2111 2653 2386 2726 Museis
2447 2666 2927 2744 asservantur,
2996 2648 3464 2752 inspiciendis
3514 2666 3590 2724 et

525 2787 850 2857 virorum
900 2782 1290 2858 doctorum
1341 2784 1755 2887 colloquiO,
1811 2787 1944 2859 ubi
1994 2783 2203 2859 dubii
2252 2783 2533 2888 aliquid
2569 2800 2792 2887 atque
2840 2783 3300 2859 obscuritatis
3335 2783 3585 2858 obori-

525 2933 753 3010 retur,
810 2917 1281 3013 illustrandis,
1353 2922 1689 3024 inprimis
1752 2946 1934 2996 vero
1986 2919 2370 2996 codicibus
2422 2922 2932 3023 manuscriptis
2984 2915 3408 2996 evolvendis
3458 2914 3585 2994 de·

525 3052 1104 3160 scribendisque,
1163 3054 1405 3134 donec
1452 3061 1705 3162 pestis,
1762 3085 1906 3163 pro
1958 3056 2215 3134 dolor!
2276 3056 2676 3161 Gangetica
2725 3060 2805 3131 in
2847 3060 3083 3160 patria
3116 3058 3302 3134 urbe
3337 3070 3586 3133 exorta

527 3208 603 3267 et
632 3196 922 3267 iamiam
952 3196 1277 3270 saeviens
1327 3210 1502 3296 post
1552 3198 1891 3297 exiguum
1940 3198 2295 3296 temporis
2347 3196 2662 3296 spatium
2702 3191 2940 3268 studia
2975 3195 3368 3294 interrupit
3399 3189 3583 3266 dile·-

530 3329 842 3400 etissima
894 3344 970 3402 et
1015 3329 1609 3430 patremfamilias
1662 3326 1967 3402 domum
2016 3331 2412 3405 revocavit.
2494 3328 2700 3401 Inter
2749 3352 2834 3403 ea
2887 3353 3074 3430 quae
3125 3329 3393 3429 raptim
3425 3328 3586 3427 ipse

526 3458 820 3561 collegi,
893 3458 985 3534 ‹le
1037 3464 1124 3534 iis
1178 3464 1374 3536 enim
1430 3488 1616 3564 quae
1668 3460 1997 3536 Rosenio
2049 3486 2221 3536 meo
2276 3478 2352 3537 et
2401 3460 2814 3556 Stenzlero,
2871 3464 3123 3537 intima
3174 3458 3355 3535 mihi
3405 3461 3582 3534 ami·

525 3597 692 3671 citia
754 3597 1162 3671 coniunctis
1216 3592 1494 3672 debeo:
1581 3593 2132 3701 Chhandogyae
2183 3595 2544 3691 codicem,
2617 3595 3037 3701 apographa
3086 3594 3582 3688 Ritusanhari,

526 3731 1025 3837 Gitagovindi,
1079 3732 1980 3840 Brahmavaivartapurani
2031 3733 2192 3812 rell.
2227 3763 2426 3811 nunc
2461 3750 2572 3811 est
2604 3732 3022 3829 tacendum,
3078 3737 3401 3837 primum
3433 3732 3586 3808 for·

527 3886 713 3947 tasse
761 3872 1012 3947 locum
1079 3888 1446 3975 occupent
1496 3874 1988 3949 Rham-ihoris
2057 3898 2247 3977 quae
2314 3869 2658 3949 dicuntur
2717 3874 3147 3963 sententiae,
3208 3895 3394 3973 quas
3444 3871 3589 3944 iam

524 4004 923 4079 lectoribus
983 4007 1368 4081 benevolis
1433 4006 1644 4082 trado
1711 4025 1787 4083 et
1848 4012 2346 4110 maximopere
2420 4008 2596 4084 volo
2677 4004 3245 4083 commendatas.
3374 4001 3585 4098 Quae

401 4185 404 4188 -
527 4164 705 4213 vcro
780 4161 1072 4211 caussae
1135 4163 1254 4212 me
1317 4141 1750 4241 impulerint
1808 4158 1894 4217 ut
1950 4141 2133 4217 hacc
2192 4145 2656 4246 potissimum
2718 4144 3035 4217 carmina
3106 4138 3449 4241 elegerim
3510 4150 3588 4211 et

531 4298 719 4378 quae
770 4271 917 4349 diei
965 4276 1250 4378 possint
1300 4276 1380 4348 in
1428 4278 1851 4351 universum
1905 4276 1998 4352 de
2047 4305 2367 4381 persona
2421 4295 2496 4355 et
2544 4281 2837 4381 ingenio
2888 4291 3181 4381 poetae,
3240 4271 3334 4349 de
3379 4268 3585 4348 codi-

529 4413 732 4487 cibus
787 4412 1053 4513 quibus
1107 4437 1277 4486 usus
1330 4436 1490 4485 sum
1542 4416 2079 4523 manuscriptis,
2139 4414 2233 4491 de
2287 4414 2545 4491 ordine
2596 4415 2957 4489 librorum
2992 4408 3586 4513 singularumque

529 4549 1048 4624 sententiarum
1099 4551 1378 4641 nativo,
1439 4546 1532 4623 de
1583 4565 1986 4624 metrorum
2038 4554 2323 4627 ratione
2377 4567 2453 4627 et
2502 4549 2594 4625 de
2646 4551 2964 4637 carmine
3004 4548 3285 4621 erotico
3332 4544 3587 4622 Chau-

531 4682 1037 4784 mpanchdsiea
1090 4681 1316 4776 dieto,
1393 4682 1597 4785 quod
1651 4689 2026 4760 sententiis
2076 4686 2277 4761 bisce
2334 4686 2703 4788 praemisi,
2763 4706 2848 4756 ea
2911 4683 3182 4774 omnia,
3252 4703 3348 4754 ne
3405 4674 3586 4781 quid

533 4815 896 4893 desideret
941 4815 1207 4910 lector,
1262 4819 1587 4893 breviter
1635 4821 1779 4891 iam
1831 4835 1906 4893 et
1957 4822 2159 4894 omni
2214 4845 2356 4921 qua
2406 4844 2543 4920 par
2593 4830 2704 4891 est
2732 4811 3200 4909 verecundia,
3256 4827 3427 4890 sunt
3460 4836 3581 4886 ex·

533 4950 904 5056 ponenda.
1008 4952 1275 5058 Itaque
1324 4936 1669 5058 primum‘
1697 4952 1792 5030 dc
1842 4971 2142 5032 auctore
2193 4956 2714 5031 sententiarum
2762 4949 3162 5029 videamus.
