4126 5595
510 599 627 690 98

530 2179 654 2251 11.

538 2858 662 2929 12.

1411 617 2057 684 BnAnTmmtms
2117 621 2680 686 SENTENTIAE.

707 807 1013 886 edoctus
1078 835 1336 902 essem,
1406 825 1587 885 tunc
1651 834 1771 884 me
1823 810 2129 886 stultum
2196 835 2352 886 esse
2403 811 2734 887 intellexi
2787 827 2861 888 et
2910 815 3249 916 superbia
3301 841 3417 891 me
3467 815 3576 891 se·

704 947 860 1021 bris
909 947 1133 1019 instar
1179 945 1506 1044 reliquit.
1604 995 1609 1001 -

629 1131 651 1154 .
704 1077 1095 1155 vermibus
1145 1078 1525 1169 infectum,
1583 1076 1807 1153 saliva
1861 1037 2263 1170 maoidum,
2320 1076 2728 1180 putridum,
2798 1080 3193 1174 abiectum,
3250 1079 3584 1156 deforme

706 1210 1139 1314 aridumque
1192 1227 1266 1287 et
1316 1237 1532 1286 carne
1584 1209 2014 1287 destitutum
2046 1211 2368 1287 hominis
2405 1213 2799 1287 ossiculum
2830 1239 2999 1288 cum
3034 1214 3301 1316 gaudio
3338 1241 3580 1290 come-

709 1345 890 1425 dens
941 1350 1166 1441 canis,
1233 1346 1356 1425 vel
1404 1347 1743 1425 Deorum
1791 1351 2206 1453 principem
2256 1353 2454 1425 iuxta
2505 1375 2584 1424 se
2645 1346 2903 1428 videns
2968 1348 3375 1428 adstantem
3429 1377 3585 1426 non

647 1548 654 1559 .
707 1478 944 1567 curat?
997 1490 1102 1564 sic
1149 1485 1380 1564 homo
1431 1486 1596 1567 vilis
1645 1486 2182 1594 patrisfamilias
2230 1493 2663 1594 pravitatem
2712 1515 2855 1595 pro
2906 1488 3145 1567 nihilo
3198 1489 3448 1567 habet.

529 1636 653 1706 10.

706 1626 1041 1706 Primum
1103 1630 1183 1703 in
1244 1643 1464 1731 caput
1526 1625 1707 1722 Sivi,
1781 1653 1870 1703 ex
1929 1625 2079 1702 hoe
2141 1632 2380 1731 capite
2443 1631 2520 1702 in
2551 1613 3005 1733 'paradisum
3070 1629 3268 1708 cadit
3332 1630 3586 1734 Ganga

709 1764 866 1858 illa,
924 1763 1097 1839 dein
1144 1767 1245 1839 in⁴
1271 1779 1629 1858 montem3
1687 1789 1775 1838 ex
1821 1780 2074 1839 monte
2121 1764 2472 1838 altissimo
2523 1768 2602 1839 in
2647 1782 2946 1859 terram,
3006 1791 3047 1842 e
3096 1783 3291 1843 terra
3342 1784 3586 1843 autem

671 1905 793 1977 *in
854 1926 1252 1994 oceanum3
1320 1926 1612 2003 semper
1677 1897 2054 1994 deorsum,
2127 1901 2378 1976 locum
2437 1901 2851 2005 paullulum
2912 1901 3339 1978 inferiorem
3400 1901 3580 1998 adit,

712 2053 789 2112 et
836 2036 987 2112 hoc
1035 2035 1264 2112 modo
1316 2036 1712 2112 stultorum
1763 2062 1967 2111 casus
2020 2041 2343 2113 centenis
2393 2041 2530 2115 viis
2584 2038 2924 2115 efficitur.

707 2173 978 2250 Melius
1041 2190 1150 2250 est
1208 2178 1288 2249 in
1345 2177 1713 2250 montium
1775 2175 2275 2249 cacuminibus
2339 2199 2581 2250 errare
2642 2202 2809 2250 cum
2861 2175 3032 2250 seris
3083 2175 3582 2281 sylvestribus,

711 2335 935 2411 quam
999 2337 1169 2384 cum
1231 2310 1471 2384 stultis
1530 2311 1955 2384 hominibus
2016 2314 2495 2386 coniunctum
2543 2312 2664 2389 vel
2712 2315 2793 2385 in
2840 2310 3178 2385 Deorum
3238 2317 3591 2417 principis

712 2442 1003 2546 palatiis
1054 2448 1521 2518 commorari.

1719 2740 2146 2790 sumn-run
2194 2740 2398 2791 Laus.

715 2849 1271 2957 Praeceptores,
1327 2851 1693 2927 librorum
1742 2878 2116 2928 sacrorum
2170 2850 2581 2930 eruditione
2644 2850 2980 2948 facundi3
3049 2851 3389 2957 discipuli
3451 2850 3586 2927 do·

717 2992 994 3065 ctrinae
1044 2990 1579 3082 incumbentes3
1637 3004 1712 3063 et
1760 3005 2024 3092 poetae
2077 2990 2269 3064 fama
2321 2990 2677 3083 celebres,
2735 2994 2813 3065 in
2847 2993 3348 3093 cuiuscunque
3381 2993 3586 3093 prin-

694 3127 900 3229 =cipis
959 3139 1154 3200 terra
1215 3124 1551 3199 habitant
1611 3125 1879 3227 opibus
1941 3123 2305 3217 destituti,
2371 3126 2521 3200 hoc
2573 3151 2663 3200 ex
2711 3125 3016 3200 stultitia
3066 3127 3422 3229 principis
3470 3123 3585 3218 fit,

713 3265 1077 3368 sapientes
1140 3265 1337 3337 enim
1394 3259 1518 3339 vel
1566 3264 1723 3337 sine
1773 3262 1994 3336 bonis
2054 3278 2227 3338 sunt
2278 3260 2586 3338 domini:
2643 3258 2925 3365 lapides
2975 3265 3281 3365 pretiosi
3330 3287 3593 3366 parum

714 3418 1210 3480 aestumantur
1275 3403 1368 3477 ab
1420 3404 1506 3478 iis
1556 3416 1881 3496 tantum,
1940 3428 1982 3477 a
2035 3405 2333 3507 quibus,
2390 3400 2718 3479 valorem
2768 3403 3302 3506 ignorantibus,
3359 3425 3589 3505 parvo

584 3580 591 3591 ·
717 3546 960 3648 pretio
1011 3557 1360 3621 veneunt.

541 3688 661 3757 13.

543 4358 665 4429 14.

543 4902 666 4977 15.

714 3681 1118 3757 Doctrinae
1169 3680 1557 3784 suppellex
1608 3684 1686 3754 in
1736 3681 1915 3755 furis
1966 3696 2445 3782 conspectum
2496 3705 2651 3755 non
2700 3684 2928 3774 venit,
2987 3684 3170 3783 quin
3222 3683 3370 3753 imo
3420 3680 3587 3753 ubi-

723 3840 869 3918 que
930 3830 1272 3915 augetur3
1342 3816 1720 3916 egentibus
1782 3812 2243 3917 suppeditata
2306 3841 2649 3915 magnum
2711 3840 3003 3917 semper
3060 3819 3592 3888 incrementum

721 3954 945 4052 capit,
1000 3973 1245 4051 neque
1293 3952 1369 4030 in
1421 3946 1678 4022 mundi
1730 3952 2028 4022 interitu
2081 3945 2172 4021 ad
2227 3973 2568 4022 occasum
2616 3951 2851 4048 vergit
2898 3973 3258 4049 unquam.
3333 3946 3589 4033 Relin-

668 4138 674 4141 -
721 4086 926 4186 quite
975 4109 1208 4187 reges,
1267 4082 1831 4159 aemulationem
1886 4109 2145 4158 eorum
2199 4084 2468 4187 quibus
2518 4086 2733 4158 inest:
2794 4086 2958 4185 quis
2999 4086 3197 4156 enim
3237 4107 3404 4155 cum
3444 4081 3589 4154 illis

719 4222 952 4323 possit
1003 4219 1319 4295 certare?

717 4353 1107 4448 Eruditos,
1180 4360 1309 4456 qui
1375 4360 1653 4458 optima
1715 4358 1914 4431 bona
1966 4373 2136 4430 sunt
2194 4360 2526 4447 assecuti,
2599 4360 2803 4459 parvi
2858 4382 2953 4429 ne
3005 4355 3368 4430 aestimes!
3431 4380 3582 4428 non

721 4490 946 4591 magis
999 4517 1216 4593 quam
1281 4490 1565 4565 culmus
1628 4491 1809 4567 levis
1870 4492 2195 4566 Fortuna
2266 4517 2419 4576 eos
2458 4496 2721 4567 vincit:
2794 4490 3200 4593 elephantis
3268 4493 3579 4581 etenim,

727 4650 1044 4728 quorum
1117 4625 1348 4701 malae
1424 4632 1712 4704 striatae
1793 4655 1930 4732 per
1995 4655 2272 4705 novum
2344 4632 2643 4730 uriginis
2714 4627 3098 4702 humorem
3175 4629 3578 4727 tinguntur,

724 4761 863 4838 loti
911 4761 1363 4838 filamentum
1414 4792 1568 4840 non
1621 4782 1730 4842 est
1778 4767 2182 4843 vinculum.

719 4897 980 4977 Potest
1061 4899 1361 5005 quidem
1429 4902 1780 4998 BrahmA,
1866 4904 2163 5009 quando
2227 4909 2536 4981 maxime
2600 4906 2967 4996 irascitur,
3047 4905 3583 5007 interrumpere

722 5039 961 5139 cygni,
1020 5036 1223 5138 quod
1280 5042 1359 5112 in
1406 5036 1972 5114 Nelumbiorum
2029 5038 2406 5117 domicilio
2459 5042 2598 5115 sibi
2647 5044 2954 5143 paravit,
3013 5037 3386 5140 gaudium3
3451 5064 3578 5112 ne·
