4126 5595
1685 493 1698 504 '
1828 516 2340 584 PmrArm.
3524 527 3611 590 xi

547 727 717 786 sunt
779 714 977 784 enim
1039 710 1306 810 passim
1374 708 1600 780 ieiuni
1661 722 1737 779 et
1801 730 2123 797 merum,
2195 729 2284 778 cx
2347 726 2554 776 more
2616 706 3115 779 recentiorum
3175 697 3603 809 poetarum,

547 835 1205 954 κρενοχυτρολῆραιον
1257 844 1671 935 continent3
1725 840 2099 916 ulceribus
2146 839 2490 913 laborant
2519 841 2947 941 gravissimis
2982 867 3228 946 neque
3262 843 3420 919 ullo
3457 870 3607 923 me·

544 999 693 1076 tm,
751 986 891 1058 nisi
942 984 1377 1058 coniecturis
1431 980 1637 1055 sactis
1688 976 2180 1054 audacissimis
2230 992 2543 1081 possunt
2592 974 2920 1080 adaptari
2938 1008 2960 1068 ;
3017 996 3189 1057 sunt
3234 999 3611 1085 praeterea

548 1120 841 1194 obscuri
909 1120 1351 1222 plerumque
1429 1133 1505 1191 et
1577 1119 1751 1190 sine.
1798 1115 2096 1189 scholiis
2172 1113 2553 1187 intellectu
2613 1110 3054 1189 difficillimi.
3173 1116 3366 1192 Nam
3429 1117 3609 1222 quid

543 1258 868 1356 aenigma
921 1258 1062 1329 sibi
1115 1254 1292 1328 velit
1346 1252 1562 1353 quale
1613 1278 1721 1326 vs.
1749 1251 1870 1324 70.
1931 1264 2187 1338 exstat,
2244 1244 2542 1321 videant
2592 1273 2711 1320 me
2764 1253 3158 1340 acutioresz

1257 1396 1412 1491 ζα·
1459 1394 1595 1480 aa
1642 1393 1778 1479 emt
1825 1390 1980 1487 vsa·
2026 1380 2757 1496 mammeas:
2818 1413 2833 1471 ι

1252 1525 1363 1620 eri·
1411 1531 1566 1620 ξπῑῖ
1614 1550 1853 1631 ww
1898 1519 2030 1618 {²⁵³1
2080 1528 2233 1626 αἶα·
2279 1528 2434 1625 τεά
2482 1529 2619 1617 δια·
2667 1529 2804 1617 eni
2859 1553 2890 1611 n

415 1691 419 1695 ·
541 1664 753 1740 Alius
806 1663 1063 1758 codex,
1121 1663 1330 1739 litera
1384 1661 1446 1739 C
1500 1678 1820 1754 notatus,
1880 1665 1958 1736 in
2015 1660 2377 1764 Catalogo
2429 1687 2558 1735 no.
2590 1664 2811 1755 1549,
2869 1661 3144 1738 librum
3194 1661 3612 1770 Sringaram

542 1817 821 1877 tantum
874 1804 1203 1878 continet
1253 1829 1420 1876 cum
1475 1802 2033 1875 commentario.
2131 1798 2430 1874 Litteris
2464 1798 2877 1900 Bengalicis
2932 1816 3006 1875 et
3041 1800 3342 1906 quidem
3376 1804 3605 1906 negli-

538 1955 792 2040 genter
840 1943 1151 2040 scriptus
1205 1954 1314 2012 est
1365 1963 1610 2037 neque
1666 1963 1941 2008 annum
1991 1933 2272 2037 prodit.
2330 1978 2413 1993 —
2473 1933 2816 2007 Eundem
2864 1935 3138 2010 librum
3191 1937 3285 2013 de
3337 1944 3603 2016 amori-

535 2072 674 2144 bus
737 2073 1046 2173 praebet
1111 2070 1374 2145 Codex
1418 2071 1492 2142 D
1559 2094 1950 2142 numerum
2011 2069 2202 2139 1378
2267 2071 2346 2138 in
2410 2067 2656 2139 fronte
2708 2091 3005 2166 gerens;
3075 2075 3432 2172 scriptura
3496 2089 3606 2150 est

532 2205 1117 2311 Dcv'anagariea,
1202 2205 1483 2281 scholia
1546 2201 1811 2276 adsunt
1873 2198 2169 2293 cadem,
2241 2226 2471 2275 annus
2536 2215 2780 2277 autem
2846 2229 2997 2306 quo
3063 2222 3391 2285 exaratus
3457 2227 3593 2307 est,

536 2345 835 2422 Samvat
893 2348 1083 2419 1855
1140 2345 1290 2418 sive
1355 2343 1543 2418 1793
1609 2357 1780 2444 post
1835 2339 2237 2417 Clu-istum.
2305 2384 2389 2400 -
2462 2339 2675 2416 Unus
2740 2357 2971 2418 exstat
3032 2343 3223 2422 liber
3275 2373 3316 2424 e
3368 2349 3595 2429 colle·

539 2488 784 2559 ctione
820 2482 889 2557 T
894 2481 1262 2587 ayloriana
1315 2508 1442 2556 no,
1478 2484 1644 2570 ΜΟ,
1704 2506 1744 2554 a
1782 2481 1995 2555 nobis
2033 2479 2104 2554 T
2140 2495 2461 2574 notatus,
2521 2506 2744 2584 quem
2795 2483 3101 2558 strictim
3151 2499 3434 2564 tantum
3483 2491 3595 2566 in-

536 2625 931 2723 speximus.
1023 2620 1310 2720 Integra
1351 2616 1652 2720 quidem
1686 2617 1944 2692 Sataca
1983 2617 2851 2720 continet—apographum
2887 2618 3014 2693 sed
3052 2625 3312 2698 misere
3344 2642 3598 2702 vexata

538 2773 614 2831 et
661 2758 1016 2831 versionis
1067 2769 1349 2829 tantum
1399 2758 1475 2829 in
1527 2757 1852 2856 gratiam,
1910 2768 1991 2826 ut
2043 2750 2359 2845 videtur,
2419 2754 2775 2846 subiecta3
2832 2754 3012 2829 haec
3046 2724 3289 2832 autem
3319 2764 3589 2856 versio,

537 2892 798 2968 litteris
863 2890 1424 2993 devanagaricis,
1495 2889 1752 2966 iisdem
1818 2891 2067 2964 metris
2121 2906 2197 2964 et
2246 2888 2604 2995 rhythmis
2655 2906 3032 2994 praeterea
3090 2892 3434 2973 finalibus
3482 2900 3593 2975 in·

535 3047 832 3123 structa,
894 3028 1207 3106 dialecto
1247 3027 1560 3135 quadam
1593 3028 1952 3105 hodierna
1989 3028 2323 3104 confecta
2360 3039 2470 3105 e'st
2506 3055 2691 3133 quae
2724 3029 2846 3107 vel
2885 3034 3026 3135 ipsi
3060 3032 3591 3141 Shaltespeario

535 3169 842 3271 aliisque
893 3172 1066 3244 viris
1119 3168 1381 3260 doctis,
1442 3171 1570 3271 qui
1604 3166 2036 3241 idiomatum
2071 3162 2477 3267 vulgarium
2511 3170 3003 3269 cognitionem
3038 3171 3178 3245 sibi
3212 3200 3589 3278 compara-

535 3321 822 3394 verunt,
883 3308 1129 3406 ignota
1183 3305 1344 3378 suit.
1440 3301 1651 3378 Ordo
1705 3302 2026 3404 denique
2077 3328 2421 3377 versuum
2471 3305 2549 3376 in
2587 3301 2782 3378 Cod.
2845 3330 3063 3404 quam
3116 3312 3426 3384 maxime
3480 3328 3591 3387 est

532 3440 888 3527 turbatus,
946 3437 1119 3511 ideo
1169 3453 1250 3510 ut
1304 3437 1637 3508 inutilem
1687 3438 1842 3508 fere
1894 3436 2227 3507 laborem
2277 3440 2604 3510 instituat
2651 3440 2778 3537 qui
2815 3439 3318 3542 apographum
3351 3442 3587 3544 hocce

526 3598 693 3645 cum
728 3571 886 3647 aliis
919 3570 1098 3646 velit
1130 3571 1497 3645 conferre.
1549 3612 1632 3627 —
1673 3568 1793 3642 De
1830 3564 2179 3641 Editione
2215 3565 2645 3642 Satacorum
2679 3567 3295 3675 Sriramapurensi
3329 3576 3587 3654 eadem

523 3706 831 3783 dicenda
883 3722 1079 3798 sunt,
1138 3732 1326 3809 quae
1380 3709 1524 3780 iam
1557 3708 1671 3781 vir
1715 3704 2155 3780 clarissimus
2186 3702 2382 3807 Aug.
2423 3704 2840 3781 Guilelmus
2876 3733 2916 3781 a
2946 3705 3286 3813 Schlegel
3319 3716 3398 3788 in
3431 3740 3584 3791 me·

525 3842 726 3916 dium
759 3844 1073 3944 protulit
1123 3841 1217 3915 de
1249 3839 1621 3916 Rameidis
1676 3856 1897 3943 atque
1932 3839 2371 3942 Hitopadesi
2423 3839 2856 3916 editoribus.
2937 3841 3147 3918 Idem
3198 3850 3394 3921 enim
3442 3849 3581 3926 Ca-

522 4002 736 4079 reyus
773 3992 846 4051 et
880 3974 1103 4050 iidem
1140 3975 1445 4051 forsitan
1478 3976 1781 4051 litterati
1804 3975 2071 4068 Indici,
2127 3975 2421 4050 Panditi
2453 3977 2951 4070 nominantur,
3008 3983 3136 4081 qui
3168 3981 3581 4059 fabularum

390 4187 392 4190 .
517 4127 799 4188 textum
859 4110 1074 4214 prelo
1137 4128 1612 4211 paraverunt,
1682 4109 2171 4185 Bhartriharis
2234 4115 2452 4185 etiam
2506 4108 2812 4187 disticha
2880 4138 2921 4187 e
2970 4116 3239 4208 tribus,
3307 4123 3581 4196 mancis

522 4244 823 4355 quidem
873 4245 1002 4323 sed
1054 4273 1211 4323 sese
1263 4249 1574 4324 invicem
1627 4245 2170 4352 supplentibus,
2230 4246 2633 4325 Codicibus
2668 4250 2841 4326 Mst.
2880 4254 3098 4355 primi
3150 4253 3581 4360 evulgarunt

522 4408 595 4468 et
628 4388 1086 4496 Hitopadeso
1120 4406 1469 4495 tanquam
1506 4386 1989 4495 appendicem
2024 4387 2450 4467 adiecerunt
2485 4388 2818 4492 (Si-iram.
2860 4396 3151 4496 1804.).
3206 4394 3366 4471 Etsi
3398 4423 3576 4476 vero

521 4530 597 4609 hi
659 4529 860 4609 docti
920 4534 1061 4609 viri
1127 4532 1470 4607 omnibus
1531 4533 1794 4606 muniti
1859 4529 2240 4636 praesidiis
2304 4529 2396 4606 ad
2450 4533 2669 4608 crisin
2718 4531 3577 4617 auctorum-Indicorum

522 4675 976 4764 accesserint,
1038 4675 1368 4773 queritur
1418 4670 1894 4744 nibilominus
1938 4668 2418 4770 Schlegelius,
2475 4668 2613 4743 hos
2668 4693 2823 4742 esse
2874 4672 2954 4743 in
3002 4674 3257 4772 primis
3310 4672 3569 4752 editio·

521 4808 735 4880 nibus
784 4806 1125 4909 parandis
1178 4807 1628 4907 negligenter
1674 4822 2023 4880 versatos·
2132 4806 2232 4877 Et
2282 4820 2478 4877 recte
2532 4803 2832 4904 quidem
2886 4808 3217 4904 queritur
3253 4812 3367 4882 vir
3399 4796 3564 4890 acu-

521 4944 856 5015 tissimus.
963 4941 1152 5016 Nam
1202 4939 1730 5015 Bhartriharim
1784 4937 1987 5041 quod
2040 4942 2323 5028 attinet,
2383 4952 2611 5012 metra
2649 4943 3097 5040 portentosis
3131 4939 3568 5027 lectionibus

2870 5075 2963 5147 1,-
