4126 5595
1654 532 2493 598 CENTUR1A·TERT1A.
2591 553 2595 557 ⁴
2962 605 2967 608 ,
3237 506 3247 518 '
3353 623 3360 635 ,
3432 517 3601 611 115

722 725 1028 817 mulier,
1088 724 1295 797 libris
1347 723 1566 796 sacris
1618 717 2013 813 facundus,
2070 721 2322 795 virtuti
2371 743 2638 821 pravus
2687 717 2946 813 homo,
3020 726 3321 826 corpori
3369 713 3593 803 mors:

726 864 966 937 omnis
1032 885 1149 935 res
1213 862 1293 935 in
1356 875 1550 934 terra
1615 872 1816 932 metu
1882 859 2273 933 coniuncta
2339 871 2474 950 est,
2518 853 2929 932 'hominum
2990 875 3237 937 autem
3300 858 3598 941 devotio

725 1027 882 1078 non
930 999 1156 1076 habet
1209 996 1412 1104 quod
1461 1013 1762 1073 metuat.

535 1147 665 1216 33.
722 1141 981 1215 Morte·
1019 1137 1386 1216 invaditur
1438 1163 1657 1212 omne
1709 1150 1988 1228 natum,
2046 1149 2421 1210 senectute
2470 1132 2962 1237 pulcherrima
3013 1142 3292 1214 corruit
3340 1143 3595 1218 iuven·
3682 1138 3693 1144 ’

719 1292 876 1368 tus,
944 1275 1437 1377 tranquillitas
1506 1300 1737 1375 opum
1797 1270 2145 1346 aviditate
2197 1273 2428 1374 perit,
2498 1274 2718 1373 aequi
2782 1275 3005 1346 animi
3066 1273 3373 1350 felicitas
3423 1277 3597 1378 pul·

723 1409 1065 1485 chrarum
1129 1410 1615 1484 foeminarum
1679 1408 2206 1481 tentationibus
2231 1504 2232 1507 Ἴ
2257 1407 2617 1498 turbatur,
2688 1384 2827 1507 per
2889 1405 3229 1484 homines
3278 1409 3595 1488 invidio·
3651 1423 3659 1432 '

722 1571 844 1622 sos
911 1561 1484 1650 corrumpuntur
1537 1547 1878 1637 virtutes,
1949 1545 2285 1644 regiones
2356 1566 2791 1618 nemorosae
2861 1547 3325 1649 serpentibus
3362 1547 3595 1624 ·'infe·

721 1699 1002 1759 stantur
1021 1741 1042 1778 ,
1084 1684 1479 1788 'principes
1543 1707 1585 1755 a
1643 1679 1851 1754 malis
1913 1695 2267 1782 reguntur
2325 1681 2600 1774 amicis,
2667 1683 3154 1758 inconstantia
3217 1682 3339 1762 vel
3398 1683 3600 1790 ipsae

622 1839 636 1852 ‘
717 1824 906 1897 vires
972 1820 1259 1896 divinae
1315 1822 1716 1894 irritantur:
1777 1815 1958 1921 quid
2016 1814 2317 1894 tandem
2365 1833 2476 1892 est
2532 1815 2736 1922 quod
2793 1845 3065 1895 noxam
3114 1821 3255 1896 alia
3285 1800 3391 1899 ‘re
3441 1849 3597 1898 non
3647 1843 3656 1860 ·

715 1956 1071 2058 patiatur?

528 2095 656 2166 34.
710 2091 1099 2168 Lakshmis
1131 2093 1265 2166 ubi
1301 2092 1492 2165 curis
1528 2090 1955 2190 morbisque
1991 2089 2316 2161 centenis
2352 2112 2437 2161 ac
2469 2090 2685 2164 variis
2733 2085 3051 2165 hominis
3085 2090 3399 2167 salutem
3434 2115 3592 2168 era-

719 2226 942 2326 dicat,
1002 2233 1106 2305 ibi
1160 2228 1363 2304 casus
1415 2222 1696 2305 adversi
1733 2221 2091 2320 incidunt,
2150 2227 2420 2329 apertis
2449 2201 2662 2330 'quasi
2711 2228 2975 2331 portis;
3030 2245 3283 2305 natum
3335 2255 3593 2333 quem·

655 2398 662 2406 ·
725 2395 872 2473 que
922 2369 1304 2445 nolentem
1350 2366 1726 2446 volentem
1761 2366 2097 2443 celeriter
2128 2367 2269 2443 sibi
2319 2366 2614 2443 subiicit
2656 2392 2882 2444 morsa
2943 2365 3146 2473 quod
3196 2371 3415 2474 igitur
3455 2394 3596 2476 per

719 2508 1009 2602 Fatum,
1035 2539 1039 2547 ¹
1068 2507 1278 2584 nullo
1329 2510 1747 2611 instigatum
1788 2505 2115 2601 stimulo,
2175 2509 2650 2583 constitutum
2686 2521 2821 2602 est,
2881 2505 3266 2613 quomodo
3293 2506 3592 2587 tandem

720 2646 984 2720 stabile
1038 2643 1185 2721 dici
1237 2645 1495 2749 queat?

533 2786 663 2856 35.
719 2780 1158 2882 Voluptates
1216 2797 1300 2854 ut
1362 2781 1670 2855 altarum
1728 2777 2094 2854 undarum
2157 2796 2393 2854 aestus
2456 2793 2628 2875 sunt
2675 2779 3070 2872 tremulae,
3109 2784 3436 2883 ·spiritus
3484 2784 3594 2859 vi·

720 2916 901 2992 tales
961 2918 1210 2991 subito
1278 2931 1723 3009 corruentes,
1795 2917 2032 3017 exigui
2083 2928 2256 2989 sunt
2304 2912 2461 2989 dies
2511 2930 2587 2990 et
2635 2917 3028 2991 iuventutis
3077 2912 3382 3020 insuper
3429 2915 3592 2993 feli-

720 3058 897 3131 citas
961 3046 1054 3129 in*
1102 3053 1346 3129 multis
1408 3069 1737 3130 versatur
1784 3052 2199 3129 laboribus:
2257 3055 2551 3129 inanem
2603 3056 2824 3155 igitur
2872 3051 3229 3130 mundum
3282 3080 3591 3159 cognos-

721 3209 994 3287 centes,
1056 3196 1499 3297 experientia
1554 3190 1825 3285 edocti,
1882 3187 2208 3267 studium
2256 3192 2469 3268 vobis
2504 3190 2937 3267 cohibeatur
2977 3209 3224 3268 mente
3260 3218 3301 3265 a
3333 3188 3592 3268 mundi

720 3330 971 3405 favore
1023 3331 1286 3405 aliena.

529 3465 657 3538 36.
717 3464 1224 3539 Inconstantes
1300 3480 1473 3537 sunt
1541 3463 1959 3564 voluptates
2030 3460 2261 3537 veluti
2328 3460 2575 3564 fulgur
2646 3464 2726 3537 in
2787 3487 3087 3564 magnae
3149 3464 3366 3537 nubis
3427 3466 3593 3539 sinu

713 3626 1168 3692 corruscans3
1230 3602 1376 3675 vita
1430 3598 1702 3700 fragilis
1757 3595 2384 3701 quemadmodum
2434 3623 2667 3702 aquae
2719 3613 2946 3701 gutta,
3007 3573 3193 3703 quae
3248 3624 3339 3675 ex
3386 3600 3589 3677 nube

710 3754 934 3813 vento
1013 3752 1384 3813 commota
1458 3733 1961 3837 diffrangitur3
2041 3734 2379 3809 celeriter
2438 3734 2784 3811 vacillant
2844 3739 3234 3813 iuventutis
3298 3735 3583 3840 gaudia,

717 3877 1052 3975 corporis
1087 3872 1523 3948 adminicula
1556 3898 1947 3976 perperam
1979 3887 2346 3975 reputata:
2405 3875 2481 3945 in
2517 3870 2941 3965 devotione,
2986 3899 3171 3973 quae
3208 3855 3588 3949 constante

714 4007 1208 4084 meditationis
1243 4034 1472 4109 scopo
1508 4009 1722 4084 facile
1755 4012 2157 4110 attingitur,
2217 3981 2646 4110 sapientiam
2680 4012 3099 4109 cognoscite
3131 4012 3520 4110 sapientes.

525 4144 654 4220 37.
710 4144 879 4221 Vita
929 4159 1014 4216 ut
1063 4141 1427 4216 undarum
1478 4144 1761 4251 fluctus>
1792 4146 2178 4235 transiens3
2235 4145 2629 4218 iuventutis
2679 4141 2985 4218 felicitas
3017 4147 3269 4245 paucis
3302 4159 3587 4220 tantum

715 4277 976 4354 diebus
1029 4292 1399 4371 constans;
1457 4303 1638 4381 opes
1691 4281 2117 4381 cogitationi
2168 4294 2339 4353 sunt
2388 4277 2689 4373 similes;
2742 4278 3141 4383 voluptatis
3193 4282 3451 4381 copiae
3499 4295 3587 4354 ut

694 4417 962 4519 fulgur
1009 4392 1104 4491 'in
1153 4418 1474 4491 nubibus
1527 4415 1857 4492 collectis
1912 4420 2333 4511 emicantes;
2405 4444 2571 4491 cum
2623 4420 2904 4491 amasiis
2959 4418 3224 4549 quibus
3275 4415 3587 4492 iruimur

715 4551 993 4658 gaudiis
1057 4579 1147 4628 ex
1200 4557 1496 4629 cervicis
1546 4554 1890 4656 amplexu
1954 4570 2027 4629 et
2080 4554 2568 4644 osculatione,
2637 4551 2820 4627 haec
2873 4557 3191 4675 omnino
3228 4578 3413 4631 non
3435 4580 3585 4629 ma-

719 4706 922 4766 nent:
981 4705 1304 4764 mentem
1367 4692 1585 4790 igitur
1636 4689 1727 4765 ad
1781 4689 2024 4766 divina
2080 4688 2406 4793 dirigite!
2474 4688 2853 4766 horribilis
2914 4694 3111 4763 enim
3151 4628 3583 4817 existentiae
3629 4712 3633 4715 ·

721 4850 919 4900 mare
972 4841 1083 4900 est
1134 4823 1688 4928 enavigandum.

2852 4962 2986 5033 16·
