4126 5595
516 505 677 594 146
987 524 1075 584 m
1130 514 1774 583 nnAnTmnAms
1833 515 2322 579 emmaus
2380 515 3091 583 commem-Amos,

612 722 850 806 quidem
886 718 989 782 sed
1025 737 1334 778 numerum
1360 713 1573 776 borum
1601 711 1853 793 capitum
1882 710 2184 772 denarium
2210 732 2334 774 non
2361 712 2439 773 ita
2464 713 2665 774 stricte
2693 725 2758 775 ut
2782 714 2843 774 in
2873 713 3101 776 duobus
3122 715 3223 796 qui
3248 729 3571 798 sequuntur

613 838 781 903 libris
826 834 1090 900 adhibuit
1141 844 1367 896 auctor.
1417 837 1721 890 mulierum
1762 838 1993 890 laudem
2034 828 2298 892 celebrat
2335 830 2588 912 primum
2628 831 2873 913 (2-21),
2932 831 3068 894 dein
3110 832 3179 894 ad
3221 841 3573 908 voluptatem

617 980 909 1021 summam
934 975 1058 1017 sese
1087 950 1379 1015 convertit
1403 947 1679 1030 (22-32);
1703 955 1856 1007 anns·
1874 965 2239 1023 tempestates
2267 960 2407 1010 tunc
2435 949 2700 1033 depingit
2725 950 2997 1030 (ss-54»
3022 963 3226 1033 postea
3250 951 3322 1013 ad
3347 976 3571 1013 omres

619 1074 891 1153 recurrit,
926 1071 1134 1155 quibus
1170 1067 1442 1132 resistere
1482 1065 1833 1148 perdifficile
1871 1086 1994 1128 esse
2023 1066 2201 1128 docet
2226 1067 2506 1146 (ss-65),
2538 1066 2674 1129 illos
2700 1079 2895 1129 tamen
2921 1078 3270 1144 spernendos
3298 1069 3579 1152 praecipit

618 1193 892 1276 (66·68).
941 1195 1256 1249 Iuventutis
1285 1194 1584 1245 commoda
1608 1184 1723 1246 iam
1750 1195 2054 1245 enumerat
2079 1184 2180 1262 (69
2191 1183 2344 1263 41),
2371 1196 2432 1245 et
2458 1184 2594 1245 dein
2622 1184 2682 1245 in
2708 1193 2973 1245 mulieres
3001 1184 3297 1248 invehitur
3322 1187 3579 1268 (72-91)

616 1334 754 1398 quas
791 1308 953 1374 omni
989 1307 1184 1371 studio
1219 1326 1288 1368 ac
1327 1304 1529 1367 labore
1559 1302 1777 1367 evitare
1805 1303 2017 1366 debeat
2042 1303 2300 1386 prudens
2325 1302 2509 1365 homo
2535 1306 2847 1385 (93-100).
2926 1304 3107 1369 Vides
3133 1306 3316 1392 igitur
3341 1319 3574 1389 poetam

621 1431 717 1497 vel
751 1428 801 1494 si
838 1427 1015 1492 mavis
1054 1425 1437 1492 collectorem
1475 1444 1596 1485 non
1640 1423 1883 1485 omnino
1920 1422 2131 1486 similia
2164 1421 2449 1486 similibus
2472 1424 2759 1488 addidisse
2784 1425 2887 1487 sed
2910 1424 3224 1489 sententias
3248 1425 3320 1488 ad
3346 1425 3574 1490 libitum

622 1548 1070 1626 consarcinasse,
1106 1545 1179 1607 de
1202 1564 1315 1628 qua
1341 1563 1406 1604 re
1433 1541 1674 1604 diximus
1700 1543 1761 1603 in
1788 1541 2258 1604 Introductione.

531 1688 577 1736 ι.
625 1665 935 1731 Versiculo
975 1665 1167 1747 primo
1203 1661 1540 1723 continetur
1561 1658 1735 1743 εἶά,
1768 1657 2175 1739 auspic-ationis
2200 1656 2427 1720 scilicet
2454 1658 2706 1721 formula
2731 1662 2804 1721 ad
2828 1662 3024 1722 Deum
3051 1662 3326 1743 aliquem,
3363 1675 3429 1724 ut
3454 1684 3577 1726 mos

518 1820 523 1824 ·
626 1799 714 1850 est
740 1782 929 1866 poetis
953 1780 1192 1856 Indicis,
1227 1791 1287 1840 et
1312 1778 1372 1839 in
1410 1775 1564 1837 libro
1592 1776 1826 1856 quidem
1853 1794 2115 1835 amorum
2142 1774 2349 1856 incipit
2372 1774 2763 1836 Bbartribaris
2789 1796 2821 1837 a
2847 1776 3018 1837 laude
3044 1778 3236 1855 xant,
3271 1800 3379 1859 per
3404 1798 3577 1860 quem

627 1903 721 1967 vel
748 1899 854 1983 ipsi
876 1897 981 1959 Dii
1005 1897 1254 1958 maiores
1278 1895 1341 1953 in
1367 1892 1675 1953 mulierum
1706 1902 2049 1972 potestatem
2077 1891 2318 1968 redacti,
2346 1891 2482 1952 facti
2508 1901 2642 1952 sunt
2668 1902 2859 1973 patres
2892 1892 3152 1970 familias,
3168 1895 3385 1955 nedum
3412 1910 3574 1957 mot·-

628 2020 792 2096 tales,
840 2026 999 2097 puta,
1040 2013 1326 2074 homines.
1403 2009 1624 2088 Utique
1661 2006 1975 2090 legendum
2005 2018 2093 2069 est
2132 2001 2287 2096 (sest
2318 2014 2400 2086 (⁰
2444 2029 2575 2067 cum
2622 2006 2889 2085 Cod.A.,
2934 2021 2994 2069 et
3031 2009 3260 2092 Repba,
3305 2012 3464 2095 quod
3505 2032 3574 2074 ex

627 2135 784 2199 Edit.
802 2132 952 2195 Scir.
990 2129 1155 2216 gravi
1192 2126 1617 2210 perspicuitatis
1654 2124 1864 2185 damno
1902 2123 1963 2184 in
2001 2135 2259 2185 nostram
2295 2124 2552 2207 irrepsit,
2586 2126 2826 2187 omnino
2854 2126 3189 2207 delendum,
3224 2130 3389 2193 nullo
3417 2131 3571 2194 enim

627 2256 804 2319 modo
831 2250 1038 2314 Dualis
1080 2249 1266 2310 forma
1305 2244 1406 2324 (ab
1447 2261 1539 2335 (ζ
1579 2242 1863 2324 themate)
1904 2242 2102 2304 locum
2141 2253 2336 2325 potest
2377 2242 2616 2306 babere.
2693 2245 2789 2305 De
2815 2245 3056 2330 singulis
3083 2248 3374 2331 epithetis,
3406 2271 3574 2333 prae-

623 2372 824 2436 sertim
849 2367 1109 2444 Amoris,
1141 2364 1213 2426 ad
1243 2363 1539 2425 Clnaurum
1576 2360 1782 2441 passim
1811 2361 2054 2443 egimus,
2090 2381 2284 2440 neque
2317 2361 2378 2421 in
2405 2382 2577 2427 versu
2615 2362 2925 2442 quidquam
2962 2363 3421 2443 deprehenditur
3458 2387 3577 2446 quo

627 2487 856 2552 ostendi
881 2483 1062 2568 possit
1085 2481 1294 2544 lector.

529 2621 582 2670 2.
631 2605 952 2666 Enumerat
996 2600 1226 2661 illectus
1273 2611 1446 2678 atque
1483 2608 1636 2657 artes
1684 2594 1994 2656 mulierum
2032 2594 2244 2676 quibus
2280 2593 2470 2657 virum
2507 2595 2762 2678 capiunt.
2851 2597 2974 2658 Iam
3016 2596 3310 2660 videamus
3350 2600 3423 2660 de
3460 2600 3581 2661 sin-

627 2722 808 2811 guli„
852 2735 972 2786 sna
1011 2699 1210 2808 φύσις
1242 2724 1457 2776 melotes
1494 2712 1678 2794 (Cod.
1703 2711 1760 2774 A
1792 2708 1957 2778 πῖἒιπ
1989 2713 2327 2795 perperam)
2376 2733 2408 2774 a
2445 2714 2999 2797 commentatoribus
3035 2711 3360 2783 &afficte
3396 2725 3583 2777 σπίνω·

623 2849 976 2921 propositum
1005 2837 1323 2922 explicatur
1350 2835 1592 2916 (Nalod.
1623 2848 1675 2913 ¹,
1692 2834 1835 2913 Aa),
1869 2834 1930 2895 in
1967 2854 2033 2896 re
2059 2833 2337 2896 amatoria
2361 2834 2812 2917 propensionem
2841 2836 3103 2921 designat
3129 2859 3268 2923 erga
3292 2850 3574 2900 amantem

631 2983 802 3045 quam
839 2971 987 3021 nutu
1025 2979 1092 3020 ac
1128 2956 1388 3042 gestibus
1418 2955 1678 3036 produnt
1704 2952 2135 3030 meretriculae,
2169 2975 2287 3033 quo
2316 2953 2381 3013 lit
2406 2966 2471 3014 ut
2497 2974 2566 3014 ex
2588 2970 2709 3018 ιπδῐ
2731 2955 2921 3016 enasci
2945 2955 3213 3018 dicantur
3233 2969 3385 3018 artes
3408 2955 3576 3034 aliae,

633 3079 989 3159 voluptatem
1023 3085 1323 3156 augentes,
1358 3092 1498 3151 quas
1536 3082 1838 3130 enumerat
1865 3075 2252 3128 Vn’soanaehus
2278 3069 2340 3129 in
2368 3070 2769 3151 Sahityadarp.
2797 3093 2854 3151 p.
2872 3083 2961 3133 55.
2975 3091 3095 3151 seq.
3125 3071 3331 3133 Sebol.
3358 3071 3573 3132 Nalod.

630 3205 812 3271 2,55.,
847 3191 1056 3271 quibus
1092 3192 1332 3264 Benary
1365 3187 1511 3247 scite
1550 3191 1989 3245 llemachandrt
2020 3204 2251 3248 versum
2285 3186 2524 3247 addidit.
2616 3186 2829 3247 Omnia
2867 3187 3129 3250 breviter
3166 3187 3577 3268 complectitur

629 3313 1029 3385 Amat-asum,
1064 3304 1224 3368 cuius
1252 3302 1542 3365 distichon
1568 3301 1841 3384 proferre
1871 3301 2042 3363 liceat
2076 3300 2162 3383 (p.
2181 3302 2270 3364 46.
2295 3325 2378 3364 vs.
2392 3304 2534 3382 32.)-

1389 3412 1570 3505 ἑπιή
1599 3413 2020 3515 ssffiwffiffrffiz
2055 3415 2433 3486 mma
2462 3436 2578 3486 ειη
2615 3442 2627 3483 ι

1389 3527 1800 3620 tannem&
1845 3556 2007 3620 ειῖιπ·
2054 3534 2217 3604 ffmm
2263 3555 2629 3629 imm-mam·
2685 3561 2711 3602 ι

632 3670 720 3731 Ex
753 3667 843 3731 his
877 3654 1053 3733 fflw
1089 3681 1237 3745 quae
1278 3659 1340 3721 in
1367 3672 1573 3723 nostro
1598 3658 1892 3722 versiculo
1919 3658 2156 3742 legitur,
2190 3657 2299 3719 alia
2327 3658 2481 3719 enim
2507 3659 2577 3721 ad
2602 3657 2738 3721 alias
2763 3659 3074 3721 sententias
3099 3679 3477 3740 reservamus,
3512 3663 3572 3724 in

630 3786 954 3847 imitatione
991 3801 1223 3842 morum
1264 3790 1323 3837 et
1359 3777 1596 3840 vestitus
1632 3776 1913 3856 imprimis
1945 3775 2209 3836 consistit
2243 3774 2450 3854 quibus
2486 3785 2667 3836 amata
2700 3774 2999 3838 absentem
3035 3775 3145 3837 sibi
3181 3792 3576 3858 repraesentat

633 3912 905 3978 amatum,
938 3895 1421 3982 quemadmodum
1446 3894 1680 3954 Parvatl
1705 3892 1999 3953 inducitur
2024 3891 2148 3952 Sivi
2176 3889 2432 3952 habitum
2458 3892 2703 3975 fingens,
2736 3892 2799 3952 in
2824 3897 3068 3967 Sdlu'eya
3092 3897 3282 3967 Darp.
3308 3916 3367 3976 p.
3387 3904 3476 3960 57.

1391 3996 2489 4100 mm·

1392 4115 2610 4225 Wffimgffimmafflm.

640 4257 795 4321 Dein
816 4246 990 4324 εῇθπ
1013 4253 1318 4317 illecebras
1342 4273 1408 4314 ac
1432 4272 1612 4336 nugas
1638 4249 2048 4333 complectitur
2073 4271 2295 4329 omnes,
2331 4249 2539 4331 quibus
2572 4271 2736 4314 amor
2759 4250 3113 4336 significatur
3138 4271 3276 4336 erga
3300 4251 3574 4333 aliquem,

641 4389 702 4438 et
737 4388 803 4437 ut
828 4396 947 4437 uno
975 4373 1160 4437 verbo
1190 4373 1397 4448 dicam,
1432 4371 1491 4430 id
1518 4381 1604 4430 est
1629 4368 1788 4448 quod
1815 4389 1922 4429 nos
1947 4376 2283 4444 coqueeeerte
2308 4367 2572 4445 dicimus,
2605 4388 2638 4428 a
2661 4368 2829 4451 gallis
2854 4368 3186 4451 gallinaceis
3214 4369 3574 4451 desumptum

638 4489 1017 4553 vocabulum:
1048 4498 1128 4547 du
1151 4513 1252 4564 ως
1275 4494 1378 4563 φα·
1397 4511 1458 4546 se
1476 4493 1746 4559 panarde
1773 4492 1979 4543 decane
2003 4493 2086 4543 les
2104 4493 2303 4557 paules
2332 4484 2660 4566 (Menage).
2706 4516 2779 4530 —
2827 4499 3007 4550 σεε-ππ
3029 4483 3169 4563 quid
3195 4484 3270 4545 sit
3296 4485 3575 4546 indicavi-

640 4626 767 4667 mus
800 4604 873 4666 ad
915 4611 1203 4665 &aarum
1243 4601 1472 4683 (vs.5.);
1506 4621 1614 4681 pro
1651 4588 1862 4664 Mt
1900 4598 2190 4662 Editionis
2228 4598 2375 4660 Srir.
2407 4618 2441 4659 e
2478 4599 2668 4660 Codd.
2687 4599 2755 4660 B.
2769 4599 2846 4659 D.
2878 4611 2938 4660 et
2963 4599 3167 4661 Sebol.
3190 4586 3401 4665 ᾒῆιῆε
3427 4601 3576 4663 scri-

637 4723 870 4803 psimus.
959 4720 1467 4785 Commemoratur
1502 4718 1756 4799 denique
1789 4734 1975 4798 W,
2009 4717 2171 4779 cuius
2207 4717 2478 4780 vocabuli
2511 4717 2745 4801 syllabis
2781 4715 3000 4779 luditur
3033 4716 3314 4801 Naloday.
3350 4718 3437 4796 (Β,
3456 4719 3577 4797 14.)

636 4858 703 4903 ac
738 4838 788 4901 si
827 4858 897 4900 ex
929 4856 1004 4903 m
1040 4857 1120 4907 w:
1168 4852 1228 4903 et
1265 4857 1333 4920 Q,
1376 4836 1673 4921 particulis
1709 4835 2027 4899 advocandi
2065 4849 2128 4898 et
2162 4836 2400 4900 arcendi
2439 4836 2751 4899 conflatum
2788 4848 2939 4899 esset
2963 4835 3249 4917 (wem
3272 4825 3417 4902 well
3438 4824 3579 4901 Εΐῆῐ
