4126 5595
458 740 586 812 68.

457 1280 585 1352 69.

352 2006 366 2016 ·
457 1958 583 2032 60.

465 2640 590 2714 61.

468 3593 594 3666 62.

1582 546 2024 613 CEN‘rumA
2076 546 2422 614 TEn‘rlA.
3370 530 3537 622 119

642 734 714 811 Α
765 737 1243 838 magnanimis
1297 732 1736 837 quibusdam
1799 733 2114 808 dominis
2164 750 2358 808 terra
2422 750 2661 809 creata
2713 735 2895 810 olim
2943 715 3362 834 tenebamr3
3426 712 3540 813 ab*

646 870 833 964 aliis,
895 874 1025 973 qui
1075 897 1237 946 eam
1289 868 1730 963 devicerant,
1791 869 1994 946 dono
2045 867 2637 974 profundebatur
2686 875 3045 948 straminis
3096 875 3351 969 instar3
3404 873 3527 949 alii

643 1011 790 1082 iam
830 1034 1029 1083 nunc
1072 1006 1337 1083 heroes
1387 1007 1676 1083 mundis
1711 1008 2054 1099 fruuntur
2091 1006 2674 1110 quatuordecim:
2731 1006 3099 1106 undenam
3132 1014 3355 1115 igitur
3387 1013 3522 1087 ista

643 1142 1032 1218 hominum
1082 1145 1468 1247 superbiae
1521 1144 1772 1236 febris,
1829 1170 2224 1246 paucarum
2273 1143 2569 1217 urbium
2618 1146 3082 1246 possessione
3131 1132 3384 1221 enata?

642 1276 1040 1353 Undenam
1084 1293 1284 1353 tanta
1333 1281 1790 1381 principibus
1840 1276 2140 1354 aviditas
2176 1275 2265 1351 ad
2315 1278 2507 1352 hanc
2539 1294 2808 1352 terram
2843 1275 3389 1379 acquirendam,
3448 1280 3526 1354 in

647 1437 792 1513 qua
843 1410 1320 1516 percipienda
1373 1429 1670 1487 centum
1730 1414 2020 1516 regibus
2074 1438 2168 1486 ne
2221 1429 2675 1486 momentum
2731 1409 3034 1513 quidem
3085 1415 3525 1512 commorari

647 1546 894 1622 licuit?
977 1546 1085 1623 Ut
1144 1550 1372 1653 ipsius
1432 1551 1661 1650 partis
1710 1564 1920 1651 parte
1975 1563 2050 1623 et
2102 1574 2192 1623 ex
2240 1547 2379 1622 hac
2426 1545 2548 1624 vel
2600 1548 2899 1620 minima
2950 1543 3246 1622 tandem
3295 1549 3522 1652 parti-

644 1683 811 1760 cula
877 1685 1213 1760 fruantur
1274 1682 1583 1779 domini,
1653 1710 1924 1788 angore
1984 1681 2461 1790 trepidantes,
2533 1711 2900 1761 summum
2951 1681 3292 1790 gaudium
3343 1711 3521 1761 con·

643 1825 928 1925 cipiunt
976 1820 1255 1897 stolidi.
1800 1806 1811 1818 ’

641 1957 916 2034 Nonne
968 1974 1125 2035 tota
1177 1962 1310 2035 ista
1361 1957 1501 2034 luti
1552 1960 1792 2062 gleba,
1861 1986 2215 2063 aquarum
2267 1960 2487 2035 fascia
2535 1963 2820 2052 vestita,
2888 1962 3141 2062 exigua
3193 1958 3341 2035 est?
3389 1956 3527 2034 hac

641 2109 890 2169 tamen
950 2121 1208 2197 regum
1273 2120 1523 2196 greges
1585 2097 1725 2168 sibi
1776 2097 1917 2196 ipsi
1968 2094 2408 2197 gratulantes
2467 2119 2607 2198 per
2658 2110 2964 2169 centena
3015 2093 3215 2169 bella
3264 2093 3521 2168 fruun-

596 2246 795 2328 ·tur;
853 2228 1124 2336 quodsi
1173 2229 1322 2307 hoc
1371 2228 1601 2307 modo
1650 2230 1771 2309 vel
1806 2233 1858 2305 ii
1891 2230 2193 2334 flagrant
2246 2233 2376 2336 qui
2427 2227 2601 2308 dare
2649 2233 2964 2337 possint,
3036 2244 3314 2339 quanto
3365 2256 3520 2306 ma·

654 2371 758 2470 gis
820 2394 1184 2473 pauperes
1244 2371 1531 2444 miseria
1596 2367 1871 2444 amicti:
1939 2395 2100 2464 vae,
2172 2394 2304 2446 vae
2366 2369 2634 2447 vilibus
2696 2369 2842 2445 illis
2905 2367 3329 2475 hominibus
3393 2367 3523 2472 qui

604 2559 609 2563 -
649 2530 951 2606 parvam
1002 2531 1304 2607 quoquc
1367 2505 1636 2581 horum
1686 2504 2275 2609 suppellectilem
2340 2505 2758 2609 efflagitant!

652 2637 837 2733 Quis
898 2637 1198 2713 tandem
1261 2640 1390 2714 illc
1451 2657 1664 2715 natus
1723 2640 1888 2733 fuit,
1960 2644 2163 2715 cuius
2227 2644 2552 2715 cranium
2614 2637 3009 2715 candidum
3066 2664 3205 2742 per
3267 2637 3522 2714 Sivum

646 2777 871 2878 capiti
933 2774 1079 2849 alte
1142 2778 1595 2878 impositum,
1666 2791 2099 2850 ornamento
2165 2775 2530 2852 inserviit?
2596 2773 2987 2851 Undenam
3025 2776 3274 2878 igitur
3311 2774 3521 2848 'viro-

645 2936 811 2984 rum
873 2913 1104 3012 gravis
1165 2910 1325 3002 illa,
1407 2910 2002 3013 incomparabilis
2061 2914 2515 3013 arrogantiae
2579 2910 2806 2985 febris
2868 2925 3124 2985 contra
3184 2906 3523 2983 homines

644 3045 1006 3151 quosdam
1066 3045 1470 3143 modestos,
1542 3074 1861 3153 quorum
1925 3074 2133 3125 mens
2196 3047 2495 3124 humilis
2547 3045 2640 3124 ad
2703 3052 2896 3127 vitae
2961 3046 3270 3124 salutem
3333 3041 3524 3121 dire·

577 3191 584 3230 ³
646 3200 762 3260 eta
814 3184 969 3259 est?

1519 3446 1616 3492 Al>
1662 3444 1968 3493 MENTBM
2014 3446 2464 3497 ALLocUno.

654 3588 812 3667 Cur
869 3591 1084 3664 variis
1136 3586 1373 3664 modis
1441 3588 1754 3665 aliorum
1815 3606 2097 3667 mentes
2152 3591 2506 3697 quotidie·
2537 3589 2817 3688 colens,
2877 3617 2926 3666 o
2977 3616 3134 3687 cor,
3191 3589 3520 3686 favorem

651 3743 943 3831 captare
994 3724 1277 3821 studes,
1347 3731 1710 3804 aerumnis
1772 3733 1918 3805 suis
1979 3730 2342 3805 sterilem?
2417 3729 2661 3825 Quam
2706 3732 2805 3806 ob
2861 3756 3021 3805 rem
3083 3724 3381 3804 tandem
3440 3728 3519 3801 in

653 3880 728 3939 te
789 3868 954 3966 ipso
1018 3879 1394 3955 contento,
1464 3863 1706 3938 lucida
1756 3868 2057 3940 rationis
2110 3893 2393 3968 gemma
2445 3870 2813 3969 insignite,
2869 3891 3057 3968 pura
3106 3889 3312 3939 mens
3362 3887 3518 3936 non

536 4002 541 4008 ’
646 4001 783 4072 tibi
835 4002 1067 4073 nutrit
1115 3996 1593 4073 desiderium?

467 4132 590 4202 63.

651 4128 854 4220 QuId
892 4129 1155 4202 frustra
1193 4132 1492 4205 oberras
1529 4156 1576 4204 o
1613 4130 1856 4204 mens?
1904 4131 2440 4231 aliquantulum
2468 4133 2910 4233 requiescas!
2958 4126 3223 4231 quodsi
3254 4140 3519 4230 sponte

647 4261 737 4337 fit
797 4261 1025 4337 semel
1085 4264 1496 4337 institutum
1561 4288 1804 4367 neque
1868 4264 2081 4339 aliter
2142 4262 2313 4340 ideo
2376 4264 2488 4359 fit,
2556 4266 2932 4370 praeteriti
2988 4259 3184 4338 haud
3237 4259 3524 4335 memor

568 4431 573 4448 ²
646 4426 809 4476 -nec-
833 4401 1161 4476 futurum
1203 4427 1462 4476 curans
1514 4399 2007 4479 animadverte
2053 4401 2177 4480 hic
2222 4403 2668 4508 voluptates,
2728 4429 2948 4508 quam
2988 4395 3521 4508 inconsiderate

533 4583 540 4595 ·
653 4538 919 4613 abeant
970 4537 1534 4641 adveniantque.

471 4678 595 4749 64.
649 4672 1062 4777 Requiesce
1111 4702 1152 4749 a
1201 4680 1453 4752 crassis
1503 4680 1656 4753 istis
1707 4677 2111 4782 ferreisque
2162 4702 2505 4755 sensuum
2558 4677 2892 4768 obiectis,
2917 4716 2924 4724 ·
2949 4671 3375 4774 confugiens
3427 4666 3516 4742 ad

655 4812 1030 4885 bonorum
1096 4814 1329 4903 viam,
1424 4840 1613 4915 quae
1693 4818 2024 4889 omnium
2091 4815 2456 4889 malorum
2536 4813 3019 4887 lenimentum
3099 4823 3519 4907 extempore

659 4943 1123 5050 suppeditare
1173 4946 1397 5041 valet3
1461 4949 1915 5053 spiritualem
1964 4949 2291 5027 adnitere
2341 4964 2635 5042 statum3
2700 4946 3041 5048 relinque
3089 4959 3313 5034 tuam,
3379 4966 3516 5014 un·
