4126 5595
520 542 685 634 108
1412 556 2055 624 nnAn‘rmnAms
2089 559 2676 624 summum.

592 780 600 815 2
667 748 868 859 ‹zpu'tz
925 752 1031 827 sic
1079 749 1492 855 plerunque
1539 749 1965 852 ubicunque
2012 773 2091 823 se
2127 751 2490 825 convertit
2540 748 2836 825 fortuna
2872 747 3195 844 relictus,
3254 750 3358 825 ibi
3394 775 3581 855 quo-

702 916 864 993 que
915 913 1032 964 res
1084 885 1424 964 adversae
1478 911 1647 960 eum
1698 889 2166 961 comitantur.

527 1025 655 1101 87.
711 1022 1295 1125 Elephantorum
1342 1020 1463 1096 vel
1511 1036 1586 1096 et
1631 1035 2056 1123 serpentum
2105 1019 2423 1113 vincula,
2488 1020 2710 1096 lunae
2761 1021 3088 1123 solisque
3137 1045 3278 1123 per
3328 1017 3584 1094 draco-

713 1183 885 1233 nem
944 1159 1364 1234 vexationes
1427 1170 1500 1231 et
1562 1158 1971 1258 sapientum
2034 1159 2422 1259 penuriam
2482 1154 2764 1232 videnti
2825 1156 3035 1232 mihis
3104 1156 3338 1233 fatum
3401 1153 3590 1231 eheu

585 1330 593 1337 ·
715 1295 877 1369 esse'
918 1309 1347 1398 perpotens,
1405 1295 1702 1397 opinor.
1815 1371 1819 1375 ,
3151 1294 3156 1300 “

532 1439 657 1509 88.
714 1430 940 1509 Creat
985 1431 1193 1507 Deus
1230 1429 1478 1512 „talem
1530 1433 1768 1505 omnis
1833 1434 2317 1534 praestantiae
2369 1406 2729 1527 fodinam,
2803 1430 3189 1508 hominum
3236 1433 3587 1507 unionem

600 1551 607 1604 3
676 1576 1067 1675 .tanquam
1115 1586 1353 1646 terrae
1406 1565 1656 1644 decus:
1718 1544 1984 1672 quodsi
2033 1569 2182 1645 hoc
2232 1572 2473 1674 ipsum
2525 1587 2907 1647 momento
2959 1570 3270 1649 destruit
3311 1568 3583 1663 denuo,

714 1732 849 1785 vae
906 1721 1175 1809 quanta
1227 1721 1337 1780 cst
1383 1707 1789 1806 ignorantia
1842 1705 1996 1779 fati!

536 1846 663 1919 89.
721 1839 805 1917 Si
866 1845 945 1916 in
997 1839 1292 1917 Carirae
1357 1840 1619 1914 frutice
1681 1838 1971 1913 nullum
2038 1842 2485 1941 conspicitur
2545 1838 2836 1933 folium,
2910 1837 3109 1943 quid-
3154 1839 3416 1942 culpae
3482 1855 3591 1913 est

582 2023 589 2032 ·
721 1976 950 2055 veris?
1014 1974 1307 2051 Noctua
1359 1978 1418 2049 si
1469 1972 1792 2048 interdiu
1838 1999 2012 2047 non
2042 1974 2272 2066 volat,
2326 1972 2503 2077 quid
2556 1975 2698 2050 soli
2749 1979 3066 2051 criminis
3118 1974 3263 2051 est?
3313 1972 3588 2050 Guttae

718 2114 782 2187 si
840 2089 998 2187 non
1038 2109 1332 2186 cadunt
1391 2112 1471 2184 in
1523 2109 1828 2184 Chataci
1888 2096 2237 2201 rostrum,
2307 2134 2439 2184 cur
2499 2112 2735 2185 nubes
2794 2107 3311 2215 vituperanda?
3380 2108 3584 2213 quod

717 2263 931 2322 antea
990 2273 1130 2350 per
1188 2247 1417 2321 satum
1478 2243 1809 2319 ludendo
1862 2248 2177 2320 instituit
2223 2243 2458 2338 Deus,
2531 2250 2695 2347 quis
2746 2261 2855 2321 est
2907 2249 3036 2349 qui
3083 2246 3232 2321 hoc
3280 2249 3587 2348 inscrip-

623 2389 628 2394 ’
716 2399 876 2457 tum
927 2379 1192 2488 delere„
1228 2380 1503 2455 valeat?

535 2519 661 2592 90.
721 2512 949 2610 Quod
1012 2541 1152 2619 per
1210 2512 1596 2588 dominum
1655 2510 1983 2589 divinum
2042 2516 2287 2618 ipsum
2347 2516 2427 2588 in
2487 2510 2769 2587 mundo
2833 2515 3102 2617 cuique
3153 2537 3241 2588 ex
3291 2515 3594 2589 arbitrio

723 2655 1202 2730 constitutum
1249 2666 1384 2744 est,
1442 2648 1519 2725 id
1564 2653 1805 2755 ipsum
1849 2648 2277 2756 adsequitur
2318 2677 2627 2756 parvum
2673 2654 2957 2729 sit-sive
3006 2676 3377 2755 magnum·,
3428 2650 3593 2726 nul·

590 2854 599 2864 .
720 2789 881 2869 lum
940 2794 1119 2870 vero
1185 2787 1279 2866 ad
1344 2786 1604 2895 agendi
1669 2792 2026 2867 rationem
2087 2790 2451 2896 refugium
2508 2789 2979 2896 relinquitur:
3050 2817 3221 2867 nam
3273 2793 3408 2867 etsi
3458 2819 3592 2866 nu-

568 2969 603 2994 ·-
725 2933 888 3025 bes,
947 2933 1153 3006 omni
1203 2954 1335 3033 spe
1385 2928 1636 3033 plena,
1694 2928 2026 3032 quotidie
2076 2930 2396 3034 plueret,
2454 2946 2699 3034 guttae
2750 2946 3035 3006 teneres
3088 2956 3239 3006 non
3290 2933 3430 3005 nisi
3480 2931 3592 3004 bi·

630 3123 635 3129 ·
723 3092 863 3142 nae
914 3068 993 3140 in
1045 3065 1349 3141 Chataci
1404 3091 1488 3140 os
1538 3063 1973 3140 inciderent.

543 3207 665 3278 91.
725 3168 1031 3278 Oceano
1083 3225 1240 3274 sese
1305 3202 1686 3302 immergat
1747 3200 2039 3302 aliquis,
2109 3203 2188 3273 in
2236 3201 2515 3275 Meruis
2576 3204 2924 3277 verticem
2977 3196 3395 3293 adscendat,
3459 3199 3598 3273 ho-

723 3353 910 3412 stem
975 3332 1314 3411 devincat
1373 3338 1452 3409 in
1515 3339 1955 3429 certamine;
2032 3352 2544 3430 mercaturam,
2614 3335 3153 3439 agriculturam,
3228 3339 3599 3412 servitium

727 3478 822 3549 et‘
851 3475 955 3548 sic
1005 3471 1326 3576 reliquas
1381 3496 1638 3547 omnes
1701 3468 2250 3576 disciplinarum
2312 3487 2557 3575 partes
2611 3470 2911 3565 ediscat3
2981 3474 3416 3548 immensum
3479 3496 3597 3546 ae-

724 3608 896 3686 ther
944 3612 1371 3685 avisinstar
1416 3606 1673 3701 adeat,
1745 3634 2010 3711 magno
2061 3612 2230 3683 nisu
2278 3609 2513 3684 sacto:
2581 3633 2736 3682 non
2812 3608 2898 3684 fit
2957 3606 3123 3683 heic
3176 3607 3377 3711 quod
3442 3609 3594 3714 sato

652 3796 686 3839 „—
727 3745 1023 3822 volente
1072 3743 1235 3818 fieri
1285 3770 1439 3818 non
1466 3741 1739 3837 debet,
1793 3742 1992 3818 unde
2043 3747 2263 3845 igitur
2310 3747 2619 3818 intereat
2667 3741 2870 3845 quod
2926 3743 3204 3817 existit?

1813 4043 1906 4093 »Β
1963 4043 2337 4093 ornamus.

550 4159 672 4232 92.
730 4143 1067 4234 Colimus
1112 4155 1347 4233 Deos:
1407 4171 1484 4233 at
1528 4181 1777 4233 nonne
1821 4154 1903 4232 hi
1949 4159 2089 4262 ipsi
2137 4155 2550 4232 salutiferae
2600 4155 3115 4261 obtemperant
3153 4155 3600 4233 necessitati?

451 4308 463 4316 '
542 4314 563 4321 “
608 4342 631 4389 2,
727 4294 989 4370 Fatum
1037 4321 1212 4397 ergo
1256 4293 1732 4373 laudandum:
1791 4295 1939 4372 hoc
1983 4298 2231 4374 tamen
2278 4299 2519 4400 ipsum
2559 4299 2775 4371 unice
2824 4293 3196 4399 dependet
3244 4296 3337 4369 ab
3375 4320 3599 4398 opere

732 4429 1124 4533 frugiler03
1209 4431 1474 4533 quodsi
1535 4458 1713 4507 vero
1778 4434 2053 4506 fructus
2118 4437 2481 4507 actionem
2545 4436 2914 4531 sequitur,
2996 4427 3174 4530 quid
3243 4455 3430 4531 opus
3492 4446 3601 4503 est

588 4555 896 4639 ·‹··‹Diis
949 4582 1023 4640 et
1071 4566 1261 4661 fato?
1328 4567 1522 4641 Laus
1573 4570 1794 4669 igitur
1842 4571 1937 4641 sit
2002 4568 2380 4671 operibus,
2449 4566 2717 4680 quibus
2778 4566 3112 4677 potentia
3172 4588 3326 4638 non
3394 4582 3595 4640 ante-

636 4764 641 4769 .
710 4700 933 4779 ·cedit
980 4701 1237 4778 fatum.
1387 4754 1397 4771 .
1436 4758 1442 4766 .
1577 4734 1585 4770 a
2469 4742 2476 4753 ·
2523 4754 2530 4765 .
2859 4748 2867 4759 .
3077 4748 3122 4763 ,.
3167 4702 3203 4759 ,ἰ

554 4839 676 4910 93.
738 4834 912 4928 Quo
968 4864 1218 4939 opere
1289 4837 1694 4932 Brahman,
1773 4840 1979 4942 figuli
2041 4844 2334 4931 instar„
2391 4837 2842 4913 brahmanici
2900 4839 3022 4912 ovi
3082 4836 3459 4935 vasculum
3520 4840 3599 4911 in

735 4972 899 5043 sinu
959 4970 1339 5063 formavit3
1385 4999 1574 5072 .quo
1637 4974 1955 5049 Vishnus
2020 4979 2098 5048 in
2172 4972 2465 5064 decem,
2538 4976 2813 5073 maguis
2888 4975 3231 5071 angustiis
3296 4971 3595 5071 plenam
