4126 5595
515 585 684 676 124
1399 576 2041 666 nmn‘rmmnts
2101 604 2658 669 summum.

700 794 1018 869 numinis
1081 793 1456 866 scientiam
1517 793 1919 892 cupientes,
1993 815 2034 863 a
2088 788 2295 884 Sivo,
2370 794 2503 866 etsi
2570 817 2837 895 corpus
2901 817 3054 867 non
3107 790 3558 895 deposuerit,

705 919 968 1031 ‘gratiae
1020 923 1469 1001 beatitudine
1530 924 2044 999 cumulabitur.

1129 1290 1136 1300 .
1505 1220 1959 1270 nnvo‘romm
2010 1220 2287 1269 aenum
2336 1222 2588 1270 numo.

519 1317 650 1411 '92.
707 1332 1262 1437 Subligaculum
1321 1333 1402 1405 in
1465 1347 1769 1407 centena
1836 1332 2059 1408 frusta
2124 1330 2498 1408 discissum
2565 1347 2639 1408 et
2683 1355 2968 1436 pannus
3021 1328 3286 1408 eodem
3342 1330 3574 1407 modo

706 1471 1100 1564 laceratus,
1170 1471 1588 1574 inopinatus
1651 1485 1725 1545 et
1784 1473 2218 1574 improvisus
2286 1473 2491 1548 cibus
2551 1468 3068 1567 emendicatus,
3141 1496 3439 1547 somnus
3496 1474 3575 1546 in

715 1612 1140 1687 coemeterii
1206 1607 1418 1700 luco,
1494 1608 1895 1683 ambulatio
1966 1627 2366 1713 spontanea
2437 1637 2572 1685 nec
2644 1626 2928 1703 coacta,
3005 1636 3212 1685 meus
3285 1634 3579 1713 semper

718 1748 1003 1851 quieta,
1072 1745 1472 1818 constantia
1519 1745 1616 1815 'in
1679 1769 1943 1845 magno
2004 1742 2416 1820 devotionis
2476 1744 2695 1820 festo:
2770 1770 2957 1846 quae
3028 1748 3273 1819 omnia
3337 1749 3396 1817 si
3447 1741 3574 1817 ad-

720 1893 914 1970 sunt,
974 1875 1152 1980 quid
1203 1874 1554 1951 trimundi
1604 1881 1917 1978 imperio
1967 1879 2225 1954 facias?

538 2017 660 2091 93.
717 2014 1002 2089 Humus
1038 2038 1179 2115 pro
1216 2012 1440 2103 lecto,
1497 2016 1785 2113 proprii
1821 2013 2072 2086 lacerti
2113 2038 2254 2114 pro
2293 2013 2651 2106 cervicali,
2703 2014 2993 2089 coelum
3025 2040 3167 2118 pro
3210 2039 3575 2117 canope0,

647 2187 656 2201 ·
719 2148 896 2222 luna
934 2172 1075 2249 pro
1116 2143 1483 2248 lampade3
1543 2142 1885 2246 gaudium
1928 2143 2021 2220 de
2065 2150 2355 2249 quietis,
2412 2152 2659 2222 uxoris
2698 2152 2947 2243 instar,
2997 2148 3266 2253 adepto
3303 2149 3579 2241 studio;

717 2307 856 2384 per
894 2279 1083 2355 coeli
1122 2280 1398 2381 plagas,
1457 2279 1846 2353 mulierum
1886 2280 2058 2355 loeo
2102 2280 2403 2382 zephyri
2451 2281 2764 2356 flabellis
2801 2281 3129 2383 undique
3160 2285 3578 2374 ventilatus,

716 2410 1095 2486 mendicus
1145 2413 1352 2483 humi
1403 2415 1590 2483 iacet
1638 2427 1989 2511 tanquam
2038 2437 2194 2501 rex,
2254 2415 2595 2486 omnibus
2641 2413 2826 2485 adeo
2875 2413 3248 2486 desideriis
3284 2439 3580 2487 vacuus.

538 2547 663 2620 94.
723 2542 969 2620 Ovum
1030 2543 1582 2617 brahmanicum
1643 2542 1854 2645 gleba
1917 2560 2202 2618 tantum
2263 2539 2581 2618 rotunda
2646 2561 2782 2637 est,
2858 2542 3241 2645 quomodo
3304 2542 3588 2617 deside-

727 2681 918 2755 rium
980 2692 1442 2753 commoveat
1500 2678 1856 2781 sapienti?
1929 2677 2129 2753 Num
2190 2678 2525 2781 pisciculi
2583 2681 2993 2766 vibratione
3056 2704 3371 2754 oceanus
3433 2695 3587 2752 tur-

724 2818 942 2893 batur
982 2814 1362 2921 unquam?

544 2958 666 3033 96.
721 2954 1222 3032 Mendieatum
1277 2956 1523 3029 cibum
1584 2953 1846 3049 edens,
1916 2958 2008 3030 ab
2073 2954 2460 3031 hominum
2527 2955 2861 3031 familiari
2928 2972 3291 3034 conventu
3364 2956 3579 3048 liber,

731 3116 820 3165 ex
870 3117 997 3164 sua
1046 3091 1477 3165 voluntante
1526 3089 1888 3193 pendens,
1946 3093 2040 3164 ab
2096 3090 2430 3166 ordinem
2483 3090 2906 3194 deponendi
2941 3108 3015 3166 et
3055 3088 3390 3166 sumendi
3441 3088 3584 3162 dis-

727 3226 1030 3299 crimine
1076 3224 1453 3317 liberatus,
1511 3248 1601 3298 ex
1648 3229 2073 3299 assumentis
2121 3229 2198 3298 in
2239 3229 2357 3301 via
2405 3229 2910 3312 circumiectis,
2966 3195 3305 3301 laceratis·
3337 3251 3419 3299 ac
3457 3227 3588 3297 tri-

726 3363 846 3454 tis,
914 3362 1320 3434 tribonium
1384 3360 1573 3437 male
1639 3377 2028 3436 consutum
2093 3387 2386 3463 gerens,
2458 3366 2614 3437 sine
2681 3362 2897 3453 fastu,
2968 3365 3125 3437 sine
3190 3364 3300 3437 sui
3363 3363 3587 3463 ipsius

722 3494 966 3572 studio
1022 3513 1096 3572 et
1146 3493 1506 3571 desideria
1539 3496 2363 3600 coercendi-voluptate,
2420 3498 2648 3574 veluti
2683 3513 2999 3589 nectare,
3059 3502 3269 3572 unice
3305 3497 3578 3587 fruens,

723 3635 1114 3736 poenitens
1167 3637 1478 3735 quisque
1527 3649 1878 3711 versatur.

544 3769 669 3842 96‘.
728 3765 799 3841 O
836 3783 1067 3841 mater
1098 3783 1315 3858 terra,
1370 3782 1581 3869 pater
1611 3784 1852 3857 vente,
1909 3771 2138 3841 amice
2173 3770 2381 3868 ignis,
2440 3792 2739 3842 consors
2775 3793 2987 3867 aqua,
3047 3767 3268 3841 frater
3302 3765 3577 3839 aether!

617 3904 623 3913 '
731 3902 866 3998 iste
919 3925 1161 3974 coram
1214 3899 1429 3977 vobis
1481 3900 1792 4002 supplex
1845 3916 1919 3973 et
1967 3904 2373 3975 coniunctis
2426 3903 2759 3973 manibus
2809 3916 3176 4000 precatur,
3243 3914 3328 3971 ut
3379 3904 3584 3999 equi-

730 4030 941 4125 dem,
1015 4036 1249 4107 omnis
1312 4034 1660 4108 stultitiae
1736 4036 1949 4135 copia
2021 4035 2334 4126 abiecta,
2414 4033 2759 4137 flagrante
2833 4048 3054 4134 atque
3130 4031 3585 4107 immaculata

727 4165 1041 4260 flamma,
1102 4194 1289 4271 quae
1347 4168 1632 4242 homini
1690 4169 1909 4243 bonis
1972 4171 2321 4272 operibus
2379 4185 2688 4272 purgato
2755 4193 2842 4242 ex
2900 4184 3305 4244 vestrorum
3368 4168 3583 4242 obse-

732 4305 884 4403 quii
935 4303 1184 4378 favore
1238 4309 1521 4396 emicat,
1580 4307 1657 4379 in
1707 4330 1994 4378 summo
2045 4309 2345 4380 numine
2395 4305 2661 4381 solvar.

557 4435 678 4510 97.
737 4434 959 4530 Quod
1028 4436 1309 4511 dulcius
1376 4467 1596 4541 quam
1657 4441 1804 4513 mel
1840 4457 1944 4514 ·et
2003 4441 2271 4544 butyro
2336 4439 2822 4513 succulentius
2876 4442 3138 4527 menti,
3206 4452 3290 4512 ut
3338 4454 3588 4512 nectar

743 4596 994 4672 purae,
1050 4573 1351 4674 prossuit
1398 4574 1841 4648 vocabulum
1874 4572 2227 4665 divinum,
2286 4572 2434 4647 hoc
2468 4600 2605 4646 nos
2643 4576 2967 4646 contenti
3001 4599 3270 4646 sumus:
3330 4598 3583 4673 quam-

743 4702 869 4779 diu
917 4706 1096 4781 tales
1150 4726 1480 4810 erogatae
1531 4714 1752 4813 stipes
1805 4708 1894 4785 ad
1961 4726 2291 4787 ventrem
2354 4683 2898 4784 sustentandum
2955 4710 3190 4809 parari
3244 4723 3582 4809 possunt,

742 4838 1018 4916 tamdiu
1069 4843 1590 4939 conditionem,
1664 4874 1850 4950 quae
1902 4851 1980 4921 in
2031 4849 2299 4951 opibus
2350 4849 2691 4923 servitute
2743 4848 3007 4946 paratis
3055 4860 3385 4922 versatur
3434 4868 3588 4917 non

747 4973 1263 5055 desideramus.
