4126 5595
1043 536 1731 607 commem-amus
1791 541 1879 600 m
1940 534 2923 637 cuAURAPANansmM.
3322 519 3510 610 135

578 739 763 800 Ludat
804 738 1015 800 eodem
1054 738 1236 799 modo
1263 735 1935 818 mammfflpigm.
1963 734 2066 795 aba
2101 715 2365 799 σύνοδος
2391 732 2871 795 ..l-concubitum
2901 745 2961 796 et
2986 718 3412 825 αὐξοσέληυον
3437 738 3510 798 aa

574 855 649 917 ad
692 855 902 916 faeiem
942 854 1170 937 puellae
1199 853 1478 934 refertur,
1513 872 1707 935 neque
1733 873 1877 916 vero
1907 851 2282 944 cum'clariss.
2308 850 2585 912 Jacobsio
2620 850 2693 912 ad
2721 851 3157 933 opulentiorem
3184 852 3342 916 illius
3366 874 3506 916 con·
3549 893 3557 902 -

580 973 890 1036 ditionem.

444 1108 534 1159 11.
577 1094 978 1156 Difficillimus
1005 1091 1247 1156 omnino
1273 1113 1473 1156 versus
1501 1090 1580 1155 ob
1610 1090 1975 1175 corruptelas
1997 1090 2287 1173 ‘quasdam
2316 1089 2377 1162 in
2405 1101 2567 1152 textu
2601 1089 2797 1152 forsan
2827 1102 2887 1151 et
2913 1089 2973 1151 in
3000 1089 3239 1153 scholiis
3266 1091 3511 1155 omnino

575 1214 838 1276 latentes.
918 1214 1193 1275 Primum¹
1225 1214 1381 1274 enim
1417 1209 1627 1304 gaal}
1651 1211 2143 1293 Locativ.‚partic.
2172 1210 2494 1292 praesentis
2516 1209 2905 1294 een-criptum
2934 1222 3038 1287 est,
3075 1231 3246 1291 quam
3277 1232 3509 1289 vocem,

577 1356 756 1414 quum
786 1333 934 1394 nulli
960 1332 1340 1394 adscribenda
1366 1331 1441 1392 sit
1467 1331 1668 1407 radici,
1697 1330 2034 1391 coniectura
2063 1330 2124 1388 in
2148 1325 2377 1418 tgna&
2400 1336 2620 1403 obienri
2647 1327 3154 1400 commutavimus}
3183 1328 3511 1410 simplicior

573 1451 832 1513 fortassis
871 1449 1212 1511 coniectura
1247 1445 1462 1539 {aas}
1486 1455 1848 1507 seer-nutanti
1884 1447 2104 1522 fuisset,
2148 1445 2488 1525 praesertim
2531 1458 2777 1528 propter
2798 1445 3041 1507 solitam
3081 1445 3251 1508 buius
3277 1445 3505 1507 librarii

580 1568 738 1630 inter
771 1585 822 1635 ει
860 1580 921 1630 ct
958 1584 1018 1634 ἳῐ
1056 1567 1485 1643 confusionem,
1535 1565 1851 1628 dummodo
1890 1562 2235 1649 significatio
2274 1571 2578 1636 ingemere,
2620 1587 2930 1640 susurrare
2953 1563 3050 1625 vel
3075 1564 3264 1626 simile
3288 1563 3508 1647 aliquid

575 1686 640 1748 in
676 1688 932 1750 themate
974 1686 1158 1749 hocce
1200 1686 1392 1748 lateat.
1469 1685 1522 1745 E
1563 1684 1791 1746 Seboll.
1830 1704 2037 1747 verum
2083 1681 2220 1744 elici
2256 1682 2412 1744 baud
2452 1684 2669 1766 potuit,
2718 1683 2855 1767 quia
2897 1679 3067 1750 ffiffi'l·
3094 1672 3271 1776 3ῖὲιῆ
3305 1653 3508 1746 eadem

575 1805 912 1890 corruptela
959 1805 1206 1884 laborat,
1252 1824 1445 1886 neque
1496 1803 1851 1867 vocabulum
1890 1794 2193 1865 invenitur*
2239 1804 2549 1865 commode
2588 1791 3083 1877 substituendum3
3128 1799 3277 1895 ffiffl·
3319 1815 3513 1864 tamen

571 1926 949 2006 suspicamur.
1024 1926 1161 1985 Hoc
1201 1922 1442 1985 unicum
1480 1924 1541 1984 in
1568 1923 1766 2005 aprico
1796 1935 1883 1985 est
1908 1915 2139 2005 poetam
2168 1915 2399 2004 puellae
2427 1918 2763 1983 raledi'xisse
2793 1934 3039 2003 propter
3075 1922 3253 1983 rixam
3290 1933 3512 1982 amato·

572 2041 718 2103 riam
744 2042 974 2102 iratum.
1038 2041 1212 2116 Quae
1238 2036 1434 2101 autem
1461 2041 1666 2101 Schol.
1693 2041 1854 2100 addit
1877 2041 1949 2100 ad
1975 2042 2208 2100 sensnm
2240 2037 2477 2099 uberius
2515 2038 2920 2112 indicandum„
2943 2037 3238 2098 ulceribus
3266 2049 3506 2117 quoque

575 2157 864 2236 laborant,
899 2158 1120 2242 legitur
1157 2157 1312 2219 enim
1345 2172 1564 2235 mma:
1586 2194 1616 2206 -
1642 2146 1855 2247 &tw-ig
1877 2195 1905 2207 -
1927 2142 2137 2221 πὲιιᾶῐ
2171 2168 2231 2217 et
2260 2143 2672 2224 ffiffwmtffi'ffi
2705 2176 2853 2237 quae
2892 2155 3084 2215 omnia
3112 2166 3388 2236 corrupta
3416 2151 3507 2213 vi-

575 2277 790 2339 dentur
840 2290 901 2340 et
950 2275 1095 2339 mihi
1147 2286 1310 2338 certe
1353 2275 1601 2339 obscura
1648 2288 1802 2340 sunt.
1905 2275 2145 2339 Varians
2191 2275 2369 2338 lectio
2407 2291 2737 2342 mm
2776 2281 3008 2346 tacenti,
3058 2296 3169 2357 qua
3208 2273 3505 2367 ‚distichon

579 2396 854 2459 claudere
883 2394 1080 2475 debet,
1118 2394 1261 2456 ferri
1288 2407 1501 2478 potest.
1929 2400 1933 2404 ⁴
3000 2366 3008 2386 ο

447 2526 537 2579 12.
577 2515 811 2577 Faciem
840 2515 1035 2576 denuo
1063 2514 1320 2577 delineat
1344 2527 1537 2599 poeta,
1574 2514 1803 2598 qualem
1830 2512 2024 2604 puella
2051 2514 2208 2577 inter
2234 2493 2548 2581 nocturnas
2577 2513 2902 2598 voluptates
2929 2514 3200 2597 praebuit
3225 2536 3338 2594 eas,
3366 2536 3505 2598 quas

578 2641 904 2694 conto-arabs
930 2633 1243 2714 appellant,
1272 2634 1375 2695 ubi
1400 2634 1628 2696 scilicet
1654 2634 1906 2695 foemina
1931 2646 2122 2716 partes
2152 2632 2210 2694 in
2238 2634 2557 2695 concubitu
2582 2634 2731 2715 petit
2752 2618 3105 2715 superiores,
3135 2633 3504 2695 efiAnmras.

576 2773 661 2814 vs.
675 2763 730 2815 5.
768 2756 1007 2829 Benary
1033 2752 1106 2812 ad
1132 2750 1346 2813 Nalod.
1373 2763 1429 2828 2,
1446 2757 1535 2815 60.
1574 2756 1835 2812 Seemler
1857 2751 1927 2813 ad
1955 2751 2262 2813 Brabmav.
2290 2773 2347 2833 p.
2363 2756 2454 2814 36.
2532 2750 2737 2812 Sebol.
2767 2749 2916 2812 bane
2955 2750 3025 2811 ad
3056 2770 3182 2812 rem
3211 2750 3506 2814 distichon

572 2869 811 2930 adduxit
849 2869 912 2929 in
953 2871 1088 2930 Mst.
1131 2870 1374 2929 omnino
1416 2881 1778 2950 corruptum,
1813 2868 2031 2952 legitur
2070 2869 2224 2930 enim
2266 2865 2375 2962 33&
2406 2857 2767 2960 ᾖῖπξεξιιπ
2803 2867 2951 2929 etin
2978 2868 3093 2929 linc
3128 2859 3306 2961 Ξῖῶπ
3330 2854 3510 2963 353?

573 2987 820 3052 Slocum
860 2986 1217 3051 correximus
1257 3009 1326 3050 ex
1368 2987 1707 3050 coniectura
1733 2986 1811 3049 ita
1840 3000 1904 3051 ut
1929 3008 2129 3051 sensus
2155 2988 2256 3051 sit:
2289 3014 2437 3067 quae
2460 2998 2566 3049 line
2591 2998 2756 3048 modo
2781 3013 2857 3048 ex
2881 2996 3210 3049 concubitus
3232 2993 3509 3066 frictione

570 3117 869 3170 enascitur
908 3117 1208 3178 lassitudo.
1245 3116 1345 3169 ubi
1374 3118 1573 3185 puella
1598 3126 1863 3170 amatum
1889 3118 1994 3170 sub
2020 3135 2086 3170 se
2109 3118 2395 3185 deprimit,
2431 3105 2501 3169 ea
2528 3118 2668 3170 υἷι-ὑ
2695 3116 2947 3170 iucunda
2972 3126 3081 3178 est,-
3112 3125 3296 3197 wa
3326 3108 3510 3195 igitur

575 3230 733 3291 idem
772 3229 1042 3311 exprimit
1079 3229 1238 3309 quod
1275 3225 1502 3319 Ξῑῐῐῗῦτ
1533 3220 1674 3319 ἔτι-θ
1717 3228 1778 3289 in
1817 3228 2110 3291 versiculo
2151 3250 2325 3311 quem
2357 3229 2625 3292 excitavit
2655 3233 2975 3288 Lassenim
3001 3229 3315 3311 Pentapot.
3340 3242 3504 3311 p.88.

577 3348 829 3429 Reliqua
868 3347 929 3409 in
967 3347 1175 3409 scholl.
1216 3347 1475 3409 faciliora
1512 3360 1648 3409 sunt
1685 3358 1746 3408 et
1784 3359 2001 3408 textum
2041 3348 2301 3429 apprime
2341 3347 2648 3429 explicant,
2683 3368 2878 3428 neque
2919 3348 3074 3408 enim
3111 3348 3188 3409 de
3215 3346 3503 3409 vocabulo

579 3480 672 3552 qv
697 3465 937 3526 dubium
966 3463 1320 3545 relinquitur
1348 3464 1552 3540 ullum,
1589 3432 1915 3545 quanquam
1942 3464 2002 3525 in
2030 3463 2227 3527 lexicis
2256 3466 2361 3526 bac
2387 3465 2808 3549 significatione
2837 3461 3082 3555 (Γεὲξξπ)
3110 3486 3231 3525 non
3259 3463 3505 3549 legatur.

572 3584 644 3643 In
682 3594 842 3644 textu
886 3582 935 3644 ai
972 3583 1152 3644 modo
1193 3594 1358 3643 recte
1402 3579 1700 3662 descripsi,
1741 3588 1988 3659 Che-ejus
2027 3572 2121 3670 q}
2148 3582 2367 3668 corrigi
2397 3582 2561 3645 iubet
2587 3595 2791 3645 contra
2820 3595 3090 3658 metrum,
3116 3582 3366 3644 'sortasse
3391 3577 3507 3669 q&

567 3700 758 3764 voluit
796 3700 1192 3778 Abstractum,
1229 3700 1389 3783 quod
1426 3700 1499 3762 ‹le
1526 3701 2109 3775 Sanealipuloere'in
2138 3701 2367 3765 Scholl.
2400 3725 2481 3764 vs.
2505 3716 2590 3764 15.
2621 3700 2857 3787 legitur.
2934 3701 3027 3763 Ad
3057 3701 3212 3764 bunc
3240 3712 3504 3764 nostrum

575 3841 809 3882 versum
835 3820 1073 3883 Scholia
1101 3832 1374 3903 corrupta
1398 3831 1560 3900 sunt,
1590 3820 1811 3882 babent
1837 3820 1990 3881 enim
2017 3830 2191 3908 qffi'et
2215 3810 2341 3909 εἰῇ
2378 3844 2629 3904 quorum
2659 3820 2925 3882 ultimum
2956 3820 3300 3882 vocabulum
3327 3818 3506 3903 magis

576 3958 714 4000 sane
740 3938 980 4013 arridet,
1015 3961 1193 4019 quum
1218 3939 1291 4000 sit
1319 3946 1516 4012 pluvia
1542 3937 1902 4012 conspersus.
1981 3939 2175 4000 Possis
2206 3939 2447 4002 fortasse
2473 3958 2634 4005 W
2661 3939 2775 4001 boc
2805 3938 3158 4017 loco,(coll.
3187 3960 3270 3999 vs.
3291 3939 3404 4017 to.)
3433 3937 3506 3997 de

573 4055 820 4118 floribus
850 4075 1173 4135 eorumque
1201 4055 1428 4136 polline
1462 4054 1798 4138 intelligere
1825 4076 1973 4136 quos
2000 4055 2058 4114 in
2087 4056 2322 4117 auribus
2346 4070 2576 4140 gestare
2604 4057 2802 4120 solitas
2827 4057 3055 4118 Indicas
3082 4055 3355 4116 mulieres
3392 4054 3504 4114 sci-

560 4194 697 4235 mua
736 4172 885 4252 (vid.
913 4175 1328 4232 Barcholinum
1356 4172 1430 4234 de
1456 4171 1756 4233 inauribus
1780 4173 2068 4233 Veterum
2095 4195 2151 4254 p.
2169 4176 2312 4251 69.‚)
2355 4172 2753 4235 substituimus
2797 4186 2987 4235 tamen
3021 4173 3080 4232 in
3116 4170 3305 4233 aureis
3331 4190 3504 4231 orna

574 4290 787 4354 mentis
814 4302 1020 4373 utpote
1049 4289 1609 4374 frequentioribus.
1646 4289 2081 4373 Dependebant
2109 4312 2177 4353 cx
2203 4291 2291 4354 bis
2319 4291 2657 4377 margaritae
2686 4304 2747 4354 et
2772 4291 2988 4426 lapides
3016 4290 3277 4381 pretiosi,
3315 4300 3379 4351 ut
3405 4312 3504 4350 ru·

464 4405 472 4413 ’
576 4410 771 4490 binus,
803 4428 1015 4503 wrm·
1046 4411 1196 4496 apud
1223 4414 1304 4471 A,
1301 4417 1510 4473 nar-dm
1537 4435 1620 4475 vs.
1638 4424 1726 4475 25.
1751 4409 1813 4473 in
1841 4412 2030 4474 Satac.
2290 4407 2295 4412 ’
2584 4412 2587 4416 ’

447 4546 535 4598 13.
582 4530 862 4610 Quatuor
885 4544 1022 4594 sunt
1049 4554 1195 4615 quae
1221 4534 1281 4595 in
1308 4520 1489 4596 amica
1517 4533 1709 4595 laudat
1729 4531 2020 4596 Cbaurus·
2055 4527 2229 4594 nutus
2255 4532 2548 4611 amabiles,
2576 4532 2710 4594 dein
2740 4530 3138 4593 membrorum
3167 4542 3506 4606 tremorem,

579 4652 850 4738 pulchras
887 4673 1072 4735 porro
1109 4653 1369 4736 papillas,
1399 4653 1667 4737 strophio
1703 4652 1825 4715 sive
1870 4652 2057 4731 fascia,
2095 4675 2205 4735 qua
2242 4652 2539 4738 virginalis
2579 4652 2922 4736 papillarum
2950 4664 3146 4713 tumor
3171 4648 3504 4721 cohibetur,

499 4794 524 4814 ⁶
579 4793 689 4854 per
713 4794 964 4856 pugnam
991 4772 1326 4836 amatoriam
1354 4772 1601 4835 relaxata
1629 4772 1776 4852 (vid.
1806 4772 1878 4833 de
1902 4756 2105 4859 ταινῖῃ
2131 4762 2357 4853 μαζῶν
2382 4777 2619 4850 Hayum
2644 4771 2704 4832 in
2736 4769 3069 4832 Observatt.
3096 4768 3268 4830 sacris
3295 4767 3503 4843 111‚³.)

583 4901 644 4952 et
668 4889 814 4952 labia
839 4890 1090 4972 denique
1117 4889 1459 4954 vulneribus
1486 4911 1556 4952 ex
1582 4888 1944 4953 osculatione
1970 4889 2261 4976 insignita.
2333 4890 2507 4954 Multi
2529 4902 2664 4954 sunt
2688 4899 2922 4970 poetae,
2958 4886 3147 4949 Indici
3174 4907 3291 4948 non
3320 4882 3499 4945 modo
