<?xml version="1.0" encoding="UTF-8"?>
<!DOCTYPE html PUBLIC "-//W3C//DTD XHTML 1.0 Transitional//EN"
    "http://www.w3.org/TR/xhtml1/DTD/xhtml1-transitional.dtd">
<html xmlns="http://www.w3.org/1999/xhtml" xml:lang="en" lang="en">
 <head>
  <title>
</title>
<meta http-equiv="Content-Type" content="text/html;charset=utf-8" />
  <meta name='ocr-system' content='tesseract 3.04.00' />
  <meta name='ocr-capabilities' content='ocr_page ocr_carea ocr_par ocr_line ocrx_word'/>
</head>
<body>
  <div class='ocr_page' id='page_1' title='image "bhartriharissen00bohlgoog_0130.png"; bbox 0 0 4126 5595; ppageno 0'>
   <div class='ocr_carea' id='block_1_1' title="bbox 471 536 2685 626">
    <p class='ocr_par' dir='ltr' id='par_1_1' title="bbox 471 536 2685 626">
     <span class='ocr_line' id='line_1_1' title="bbox 471 536 2685 626; baseline 0.009 -26"><span class='ocrx_word' id='word_1_1' title='bbox 471 592 480 600; x_wconf 86' lang='lat'><strong>.</strong></span> <span class='ocrx_word' id='word_1_2' title='bbox 522 536 640 626; x_wconf 81' lang='grc'><strong>90</strong></span> <span class='ocrx_word' id='word_1_3' title='bbox 1422 547 2063 615; x_wconf 75' lang='lat' dir='ltr'><strong>BHARTRmAms</strong></span> <span class='ocrx_word' id='word_1_4' title='bbox 2123 554 2685 621; x_wconf 82' lang='lat' dir='ltr'><strong>SENTENTIAE.</strong></span> 
     </span>
    </p>
   </div>
   <div class='ocr_carea' id='block_1_2' title="bbox 572 735 3591 1109">
    <p class='ocr_par' dir='ltr' id='par_1_2' title="bbox 572 735 3591 1109">
     <span class='ocr_line' id='line_1_2' title="bbox 572 735 3589 848; baseline 0.003 -36"><span class='ocrx_word' id='word_1_5' title='bbox 572 791 603 820; x_wconf 83' lang='lat'><strong>-,</strong></span> <span class='ocrx_word' id='word_1_6' title='bbox 662 789 668 795; x_wconf 92' lang='lat'>-</span> <span class='ocrx_word' id='word_1_7' title='bbox 719 741 1119 832; x_wconf 82' lang='lat' dir='ltr'><strong>illiverunt,</strong></span> <span class='ocrx_word' id='word_1_8' title='bbox 1175 740 1389 817; x_wconf 81' lang='lat' dir='ltr'><strong>variis</strong></span> <span class='ocrx_word' id='word_1_9' title='bbox 1442 735 1809 840; x_wconf 84' lang='lat' dir='ltr'><strong>defatigati</strong></span> <span class='ocrx_word' id='word_1_10' title='bbox 1861 736 2167 840; x_wconf 82' lang='lat' dir='ltr'><strong>gaudiis3</strong></span> <span class='ocrx_word' id='word_1_11' title='bbox 2227 744 2355 842; x_wconf 87' lang='lat' dir='ltr'><strong>qui</strong></span> <span class='ocrx_word' id='word_1_12' title='bbox 2407 746 2485 815; x_wconf 91' lang='lat' dir='ltr'><strong>in</strong></span> <span class='ocrx_word' id='word_1_13' title='bbox 2536 746 2788 817; x_wconf 89' lang='lat' dir='ltr'><strong>intima</strong></span> <span class='ocrx_word' id='word_1_14' title='bbox 2841 740 3104 818; x_wconf 89' lang='lat' dir='ltr'><strong>domus</strong></span> <span class='ocrx_word' id='word_1_15' title='bbox 3154 761 3361 848; x_wconf 91' lang='lat' dir='ltr'><strong>parte</strong></span> <span class='ocrx_word' id='word_1_16' title='bbox 3396 772 3589 822; x_wconf 90' lang='lat' dir='ltr'><strong>ama-</strong></span> 
     </span>
     <span class='ocr_line' id='line_1_3' title="bbox 721 871 3591 980; baseline 0.001 -29"><span class='ocrx_word' id='word_1_17' title='bbox 721 891 874 952; x_wconf 87' lang='lat' dir='ltr'><strong>tam</strong></span> <span class='ocrx_word' id='word_1_18' title='bbox 919 900 1254 966; x_wconf 88' lang='lat' dir='ltr'><strong>uxorem,</strong></span> <span class='ocrx_word' id='word_1_19' title='bbox 1311 876 1587 973; x_wconf 87' lang='lat' dir='ltr'><strong>magnis</strong></span> <span class='ocrx_word' id='word_1_20' title='bbox 1639 876 1838 947; x_wconf 84' lang='lat' dir='ltr'><strong>coxis</strong></span> <span class='ocrx_word' id='word_1_21' title='bbox 1889 871 2294 976; x_wconf 87' lang='lat' dir='ltr'><strong>praeditam</strong></span> <span class='ocrx_word' id='word_1_22' title='bbox 2347 876 2916 978; x_wconf 89' lang='lat' dir='ltr'><strong>amplectuntur;</strong></span> <span class='ocrx_word' id='word_1_23' title='bbox 2975 883 3104 980; x_wconf 88' lang='lat' dir='ltr'><strong>qui</strong></span> <span class='ocrx_word' id='word_1_24' title='bbox 3146 879 3425 954; x_wconf 88' lang='lat' dir='ltr'><strong>Arecae</strong></span> <span class='ocrx_word' id='word_1_25' title='bbox 3476 881 3591 955; x_wconf 83' lang='lat' dir='ltr'><strong>so·</strong></span> 
     </span>
     <span class='ocr_line' id='line_1_4' title="bbox 723 1007 2859 1109; baseline 0.001 -25"><span class='ocrx_word' id='word_1_26' title='bbox 723 1009 831 1084; x_wconf 92' lang='lat' dir='ltr'><strong>lio</strong></span> <span class='ocrx_word' id='word_1_27' title='bbox 883 1024 958 1083; x_wconf 88' lang='lat' dir='ltr'><strong>et</strong></span> <span class='ocrx_word' id='word_1_28' title='bbox 1004 1033 1192 1082; x_wconf 89' lang='lat' dir='ltr'><strong>nuce</strong></span> <span class='ocrx_word' id='word_1_29' title='bbox 1246 1032 1330 1081; x_wconf 92' lang='lat' dir='ltr'><strong>os</strong></span> <span class='ocrx_word' id='word_1_30' title='bbox 1382 1007 1900 1109; x_wconf 82' lang='lat' dir='ltr'><strong>impleverunt:</strong></span> <span class='ocrx_word' id='word_1_31' title='bbox 1958 1008 2039 1082; x_wconf 90' lang='lat' dir='ltr'><strong>hi</strong></span> <span class='ocrx_word' id='word_1_32' title='bbox 2090 1012 2405 1084; x_wconf 83' lang='lat' dir='ltr'><strong>suaviter</strong></span> <span class='ocrx_word' id='word_1_33' title='bbox 2456 1007 2859 1086; x_wconf 87' lang='lat' dir='ltr'><strong>dormiunt.</strong></span> 
     </span>
    </p>
   </div>
   <div class='ocr_carea' id='block_1_3' title="bbox 543 1238 3678 2935">
    <p class='ocr_par' dir='ltr' id='par_1_3' title="bbox 1786 1238 2352 1289">
     <span class='ocr_line' id='line_1_5' title="bbox 1786 1238 2352 1289; baseline 0 -3"><span class='ocrx_word' id='word_1_34' title='bbox 1786 1238 2068 1289; x_wconf 70' lang='lat' dir='ltr'><strong>‘murus</strong></span> <span class='ocrx_word' id='word_1_35' title='bbox 2118 1239 2352 1288; x_wconf 77' lang='lat' dir='ltr'><strong>noms.</strong></span> 
     </span>
    </p>

    <p class='ocr_par' dir='ltr' id='par_1_4' title="bbox 543 1331 3600 1868">
     <span class='ocr_line' id='line_1_6' title="bbox 543 1331 3599 1455; baseline -0.001 -25"><span class='ocrx_word' id='word_1_36' title='bbox 543 1331 668 1432; x_wconf 70' lang='lat'><strong>49.</strong></span> <span class='ocrx_word' id='word_1_37' title='bbox 725 1349 1161 1431; x_wconf 85' lang='lat' dir='ltr'><strong>Osculantes</strong></span> <span class='ocrx_word' id='word_1_38' title='bbox 1224 1373 1442 1454; x_wconf 82' lang='lat' dir='ltr'><strong>genas</strong></span> <span class='ocrx_word' id='word_1_39' title='bbox 1504 1350 1584 1424; x_wconf 90' lang='lat' dir='ltr'><strong>in</strong></span> <span class='ocrx_word' id='word_1_40' title='bbox 1645 1347 1830 1424; x_wconf 85' lang='lat' dir='ltr'><strong>facie</strong></span> <span class='ocrx_word' id='word_1_41' title='bbox 1897 1349 2183 1455; x_wconf 82' lang='lat' dir='ltr'><strong>capillis</strong></span> <span class='ocrx_word' id='word_1_42' title='bbox 2245 1350 2706 1447; x_wconf 83' lang='lat' dir='ltr'><strong>circumfusa,</strong></span> <span class='ocrx_word' id='word_1_43' title='bbox 2774 1350 3142 1427; x_wconf 85' lang='lat' dir='ltr'>labiorum</span> <span class='ocrx_word' id='word_1_44' title='bbox 3202 1368 3599 1429; x_wconf 85' lang='lat' dir='ltr'><strong>tremorem</strong></span> 
     </span>
     <span class='ocr_line' id='line_1_7' title="bbox 724 1486 3599 1596; baseline -0 -28"><span class='ocrx_word' id='word_1_45' title='bbox 724 1489 1197 1584; x_wconf 89' lang='lat' dir='ltr'><strong>adducentes;</strong></span> <span class='ocrx_word' id='word_1_46' title='bbox 1251 1491 1327 1563; x_wconf 92' lang='lat' dir='ltr'><strong>in</strong></span> <span class='ocrx_word' id='word_1_47' title='bbox 1363 1489 1721 1581; x_wconf 90' lang='lat' dir='ltr'><strong>mammis,</strong></span> <span class='ocrx_word' id='word_1_48' title='bbox 1780 1486 2114 1591; x_wconf 88' lang='lat' dir='ltr'><strong>strophio</strong></span> <span class='ocrx_word' id='word_1_49' title='bbox 2152 1491 2590 1583; x_wconf 77' lang='lat' dir='ltr'><strong>carentibus,</strong></span> <span class='ocrx_word' id='word_1_50' title='bbox 2646 1492 2962 1566; x_wconf 89' lang='lat' dir='ltr'><strong>uberum</strong></span> <span class='ocrx_word' id='word_1_51' title='bbox 2994 1505 3360 1567; x_wconf 88' lang='lat' dir='ltr'><strong>tumorem</strong></span> <span class='ocrx_word' id='word_1_52' title='bbox 3397 1495 3599 1596; x_wconf 84' lang='lat' dir='ltr'>quasi</span> 
     </span>
     <span class='ocr_line' id='line_1_8' title="bbox 725 1623 3600 1728; baseline 0 -26"><span class='ocrx_word' id='word_1_53' title='bbox 725 1627 1118 1717; x_wconf 72' lang='lat' dir='ltr'><strong>faciente83</strong></span> <span class='ocrx_word' id='word_1_54' title='bbox 1183 1623 1479 1697; x_wconf 87' lang='lat' dir='ltr'><strong>lumbos</strong></span> <span class='ocrx_word' id='word_1_55' title='bbox 1538 1623 2160 1715; x_wconf 81' lang='lat' dir='ltr'><strong>tremefacientes,</strong></span> <span class='ocrx_word' id='word_1_56' title='bbox 2231 1650 2520 1724; x_wconf 84' lang='lat' dir='ltr'><strong>magnas</strong></span> <span class='ocrx_word' id='word_1_57' title='bbox 2587 1652 2805 1700; x_wconf 84' lang='lat' dir='ltr'><strong>coxas</strong></span> <span class='ocrx_word' id='word_1_58' title='bbox 2872 1643 3226 1728; x_wconf 84' lang='lat' dir='ltr'><strong>uatesque</strong></span> <span class='ocrx_word' id='word_1_59' title='bbox 3265 1629 3600 1724; x_wconf 46' lang='lat' dir='ltr'><strong>‚vestibus</strong></span> 
     </span>
     <span class='ocr_line' id='line_1_9' title="bbox 735 1752 3599 1868; baseline -0.001 -34"><span class='ocrx_word' id='word_1_60' title='bbox 735 1755 1225 1868; x_wconf 76' lang='lat' dir='ltr'><strong>denudantest</strong></span> <span class='ocrx_word' id='word_1_61' title='bbox 1295 1754 1444 1830; x_wconf 92' lang='lat' dir='ltr'><strong>hoc</strong></span> <span class='ocrx_word' id='word_1_62' title='bbox 1504 1752 1734 1829; x_wconf 93' lang='lat' dir='ltr'><strong>modo</strong></span> <span class='ocrx_word' id='word_1_63' title='bbox 1787 1778 1959 1829; x_wconf 91' lang='lat' dir='ltr'><strong>sane</strong></span> <span class='ocrx_word' id='word_1_64' title='bbox 2010 1752 2351 1830; x_wconf 85' lang='lat' dir='ltr'><strong>adversus</strong></span> <span class='ocrx_word' id='word_1_65' title='bbox 2398 1759 2711 1858; x_wconf 82' lang='lat' dir='ltr'><strong>virgines</strong></span> <span class='ocrx_word' id='word_1_66' title='bbox 2762 1758 3190 1833; x_wconf 84' lang='lat' dir='ltr'><strong>saltatorum</strong></span> <span class='ocrx_word' id='word_1_67' title='bbox 3241 1762 3436 1833; x_wconf 83' lang='lat' dir='ltr'><strong>viam</strong></span> <span class='ocrx_word' id='word_1_68' title='bbox 3488 1764 3599 1833; x_wconf 92' lang='lat' dir='ltr'><strong>in-</strong></span> 
     </span>
    </p>

    <p class='ocr_par' dir='ltr' id='par_1_5' title="bbox 646 1888 2386 1997">
     <span class='ocr_line' id='line_1_10' title="bbox 646 1888 2386 1997; baseline -0.005 -26"><span class='ocrx_word' id='word_1_69' title='bbox 646 1967 651 1971; x_wconf 86' lang='lat'><strong>.</strong></span> <span class='ocrx_word' id='word_1_70' title='bbox 730 1889 1159 1997; x_wconf 86' lang='lat' dir='ltr'><strong>grediuntur</strong></span> <span class='ocrx_word' id='word_1_71' title='bbox 1202 1893 1404 1967; x_wconf 76' lang='lat' dir='ltr'><strong>venti</strong></span> <span class='ocrx_word' id='word_1_72' title='bbox 1457 1888 1666 1964; x_wconf 87' lang='lat' dir='ltr'><strong>Sisiri</strong></span> <span class='ocrx_word' id='word_1_73' title='bbox 1714 1904 2051 1990; x_wconf 88' lang='lat' dir='ltr'><strong>tempore</strong></span> <span class='ocrx_word' id='word_1_74' title='bbox 2102 1888 2386 1963; x_wconf 86' lang='lat' dir='ltr'><strong>ssantes.</strong></span> 
     </span>
    </p>

    <p class='ocr_par' dir='ltr' id='par_1_6' title="bbox 545 2003 3678 2534">
     <span class='ocr_line' id='line_1_11' title="bbox 545 2003 3603 2132; baseline -0.001 -26"><span class='ocrx_word' id='word_1_75' title='bbox 545 2003 671 2106; x_wconf 87' lang='grc'><strong>60.</strong></span> <span class='ocrx_word' id='word_1_76' title='bbox 731 2026 1064 2132; x_wconf 84' lang='lat' dir='ltr'><strong>Capillos</strong></span> <span class='ocrx_word' id='word_1_77' title='bbox 1115 2024 1589 2115; x_wconf 86' lang='lat' dir='ltr'><strong>conturbans,</strong></span> <span class='ocrx_word' id='word_1_78' title='bbox 1648 2021 1905 2096; x_wconf 88' lang='lat' dir='ltr'><strong>oculos</strong></span> <span class='ocrx_word' id='word_1_79' title='bbox 1940 2027 2460 2126; x_wconf 85' lang='lat' dir='ltr'><strong>comprimens,</strong></span> <span class='ocrx_word' id='word_1_80' title='bbox 2515 2039 2791 2103; x_wconf 83' lang='lat' dir='ltr'><strong>vestem</strong></span> <span class='ocrx_word' id='word_1_81' title='bbox 2821 2030 2896 2103; x_wconf 80' lang='lat' dir='ltr'><strong>vi</strong></span> <span class='ocrx_word' id='word_1_82' title='bbox 2934 2025 3299 2122; x_wconf 83' lang='lat' dir='ltr'><strong>auferens3</strong></span> <span class='ocrx_word' id='word_1_83' title='bbox 3356 2024 3603 2131; x_wconf 83' lang='lat' dir='ltr'><strong>gaudii</strong></span> 
     </span>
     <span class='ocr_line' id='line_1_12' title="bbox 728 2157 3678 2266; baseline -0.001 -26"><span class='ocrx_word' id='word_1_84' title='bbox 728 2161 1123 2242; x_wconf 77' lang='lat' dir='ltr'><strong>adventum</strong></span> <span class='ocrx_word' id='word_1_85' title='bbox 1181 2185 1663 2265; x_wconf 89' lang='lat' dir='ltr'><strong>praeparans,</strong></span> <span class='ocrx_word' id='word_1_86' title='bbox 1747 2157 2263 2264; x_wconf 90' lang='lat' dir='ltr'><strong>amplectando</strong></span> <span class='ocrx_word' id='word_1_87' title='bbox 2326 2160 2710 2266; x_wconf 86' lang='lat' dir='ltr'><strong>paullatim</strong></span> <span class='ocrx_word' id='word_1_88' title='bbox 2766 2178 3166 2239; x_wconf 88' lang='lat' dir='ltr'><strong>tremorem</strong></span> <span class='ocrx_word' id='word_1_89' title='bbox 3227 2166 3597 2259; x_wconf 87' lang='lat' dir='ltr'><strong>iniiciens;</strong></span> <span class='ocrx_word' id='word_1_90' title='bbox 3673 2216 3678 2221; x_wconf 33' lang='lat' dir='ltr'>v</span> 
     </span>
     <span class='ocr_line' id='line_1_13' title="bbox 727 2296 3605 2402; baseline -0.002 -26"><span class='ocrx_word' id='word_1_91' title='bbox 727 2326 903 2377; x_wconf 86' lang='lat' dir='ltr'><strong>mox</strong></span> <span class='ocrx_word' id='word_1_92' title='bbox 960 2323 1441 2402; x_wconf 89' lang='lat' dir='ltr'><strong>permagnum</strong></span> <span class='ocrx_word' id='word_1_93' title='bbox 1500 2314 1882 2399; x_wconf 90' lang='lat' dir='ltr'><strong>torporem</strong></span> <span class='ocrx_word' id='word_1_94' title='bbox 1944 2296 2352 2392; x_wconf 88' lang='lat' dir='ltr'><strong>adducens,</strong></span> <span class='ocrx_word' id='word_1_95' title='bbox 2430 2298 2624 2373; x_wconf 88' lang='lat' dir='ltr'><strong>labia</strong></span> <span class='ocrx_word' id='word_1_96' title='bbox 2684 2296 3023 2376; x_wconf 84' lang='lat' dir='ltr'><strong>laedens:</strong></span> <span class='ocrx_word' id='word_1_97' title='bbox 3092 2301 3314 2376; x_wconf 87' lang='lat' dir='ltr'><strong>simili</strong></span> <span class='ocrx_word' id='word_1_98' title='bbox 3376 2298 3605 2374; x_wconf 91' lang='lat' dir='ltr'><strong>modo</strong></span> 
     </span>
     <span class='ocr_line' id='line_1_14' title="bbox 731 2430 2734 2534; baseline -0.001 -24"><span class='ocrx_word' id='word_1_99' title='bbox 731 2459 932 2510; x_wconf 88' lang='lat' dir='ltr'><strong>nunc</strong></span> <span class='ocrx_word' id='word_1_100' title='bbox 982 2430 1191 2508; x_wconf 86' lang='lat' dir='ltr'><strong>Sisiri</strong></span> <span class='ocrx_word' id='word_1_101' title='bbox 1237 2447 1499 2509; x_wconf 83' lang='lat' dir='ltr'><strong>ventus</strong></span> <span class='ocrx_word' id='word_1_102' title='bbox 1551 2456 1877 2506; x_wconf 90' lang='lat' dir='ltr'><strong>amorem</strong></span> <span class='ocrx_word' id='word_1_103' title='bbox 1930 2430 2255 2507; x_wconf 85' lang='lat' dir='ltr'><strong>declarat</strong></span> <span class='ocrx_word' id='word_1_104' title='bbox 2305 2435 2734 2534; x_wconf 79' lang='lat' dir='ltr'><strong>virginibus.</strong></span> 
     </span>
    </p>

    <p class='ocr_par' dir='ltr' id='par_1_7' title="bbox 528 2538 3605 2935">
     <span class='ocr_line' id='line_1_15' title="bbox 550 2565 3602 2675; baseline -0.002 -26.043"><span class='ocrx_word' id='word_1_105' title='bbox 550 2574 677 2649; x_wconf 83' lang='lat'><strong>61.</strong></span> <span class='ocrx_word' id='word_1_106' title='bbox 733 2566 1099 2675; x_wconf 72' lang='lat' dir='ltr'><strong>„Insipida</strong></span> <span class='ocrx_word' id='word_1_107' title='bbox 1134 2582 1352 2643; x_wconf 87' lang='lat' dir='ltr'><strong>sunto</strong></span> <span class='ocrx_word' id='word_1_108' title='bbox 1386 2565 1511 2640; x_wconf 86' lang='lat' dir='ltr'><strong>illa</strong></span> <span class='ocrx_word' id='word_1_109' title='bbox 1564 2592 1908 2642; x_wconf 89' lang='lat' dir='ltr'><strong>sensuum</strong></span> <span class='ocrx_word' id='word_1_110' title='bbox 1942 2568 2508 2662; x_wconf 89' lang='lat' dir='ltr'><strong>oblectamenta,</strong></span> <span class='ocrx_word' id='word_1_111' title='bbox 2568 2569 2757 2670; x_wconf 82' lang='lat' dir='ltr'><strong>quae</strong></span> <span class='ocrx_word' id='word_1_112' title='bbox 2805 2571 3090 2670; x_wconf 85' lang='lat' dir='ltr'><strong>ingrato</strong></span> <span class='ocrx_word' id='word_1_113' title='bbox 3126 2568 3386 2643; x_wconf 90' lang='lat' dir='ltr'><strong>labore</strong></span> <span class='ocrx_word' id='word_1_114' title='bbox 3423 2593 3602 2643; x_wconf 91' lang='lat' dir='ltr'><strong>con·</strong></span> 
     </span>
     <span class='ocr_line' id='line_1_16' title="bbox 734 2684 3604 2809; baseline -0.002 -25"><span class='ocrx_word' id='word_1_115' title='bbox 734 2689 971 2784; x_wconf 68' lang='lat' dir='ltr'><strong>tinuo¹</strong></span> <span class='ocrx_word' id='word_1_116' title='bbox 999 2684 1539 2809; x_wconf 79' lang='lat' dir='ltr'><strong>comparantur,</strong></span> <span class='ocrx_word' id='word_1_117' title='bbox 1613 2706 1783 2806; x_wconf 87' lang='lat' dir='ltr'><strong>quia</strong></span> <span class='ocrx_word' id='word_1_118' title='bbox 1835 2719 2032 2779; x_wconf 89' lang='lat' dir='ltr'><strong>certe</strong></span> <span class='ocrx_word' id='word_1_119' title='bbox 2097 2705 2437 2780; x_wconf 88' lang='lat' dir='ltr'><strong>omnibus</strong></span> <span class='ocrx_word' id='word_1_120' title='bbox 2488 2704 2697 2778; x_wconf 87' lang='lat' dir='ltr'><strong>malis</strong></span> <span class='ocrx_word' id='word_1_121' title='bbox 2749 2721 2916 2779; x_wconf 89' lang='lat' dir='ltr'><strong>sunt</strong></span> <span class='ocrx_word' id='word_1_122' title='bbox 2968 2708 3359 2780; x_wconf 89' lang='lat' dir='ltr'><strong>coniuncta</strong></span> <span class='ocrx_word' id='word_1_123' title='bbox 3374 2701 3435 2778; x_wconf 86' lang='lat'><strong>!”</strong></span> <span class='ocrx_word' id='word_1_124' title='bbox 3499 2706 3604 2779; x_wconf 87' lang='lat' dir='ltr'><strong>sic</strong></span> 
     </span>
     <span class='ocr_line' id='line_1_17' title="bbox 741 2815 3605 2935; baseline -0.001 -17"><span class='ocrx_word' id='word_1_125' title='bbox 741 2815 983 2919; x_wconf 85' lang='lat' dir='ltr'><strong>sermo</strong></span> <span class='ocrx_word' id='word_1_126' title='bbox 1035 2842 1672 2935; x_wconf 60' lang='lat' dir='ltr'><strong>contemnentium¹</strong></span> <span class='ocrx_word' id='word_1_127' title='bbox 1710 2857 1947 2916; x_wconf 90' lang='lat' dir='ltr'><strong>sonat.</strong></span> <span class='ocrx_word' id='word_1_128' title='bbox 2034 2840 2535 2916; x_wconf 84' lang='lat' dir='ltr'><strong>Nihilominus</strong></span> <span class='ocrx_word' id='word_1_129' title='bbox 2584 2856 2853 2917; x_wconf 91' lang='lat' dir='ltr'><strong>tamem</strong></span> <span class='ocrx_word' id='word_1_130' title='bbox 2915 2845 2994 2916; x_wconf 92' lang='lat' dir='ltr'><strong>in</strong></span> <span class='ocrx_word' id='word_1_131' title='bbox 3044 2845 3289 2917; x_wconf 92' lang='lat' dir='ltr'><strong>animo</strong></span> <span class='ocrx_word' id='word_1_132' title='bbox 3346 2866 3605 2915; x_wconf 87' lang='lat' dir='ltr'><strong>eorum</strong></span> 
     </span>
    </p>
   </div>
   <div class='ocr_carea' id='block_1_4' title="bbox 645 2972 3600 3209">
    <p class='ocr_par' dir='ltr' id='par_1_8' title="bbox 645 2972 3600 3209">
     <span class='ocr_line' id='line_1_18' title="bbox 645 2972 3600 3079; baseline -0.002 -24"><span class='ocrx_word' id='word_1_133' title='bbox 645 2990 655 2997; x_wconf 77' lang='grc'><em>“</em></span> <span class='ocrx_word' id='word_1_134' title='bbox 741 2980 872 3079; x_wconf 87' lang='lat' dir='ltr'><strong>qui</strong></span> <span class='ocrx_word' id='word_1_135' title='bbox 943 2992 1265 3051; x_wconf 87' lang='lat' dir='ltr'><strong>mentem</strong></span> <span class='ocrx_word' id='word_1_136' title='bbox 1324 3000 1462 3077; x_wconf 89' lang='lat' dir='ltr'><strong>per</strong></span> <span class='ocrx_word' id='word_1_137' title='bbox 1518 2977 1897 3051; x_wconf 82' lang='lat' dir='ltr'><strong>veritatem</strong></span> <span class='ocrx_word' id='word_1_138' title='bbox 1958 2977 2440 3077; x_wconf 83' lang='lat' dir='ltr'><strong>subegerunt,</strong></span> <span class='ocrx_word' id='word_1_139' title='bbox 2518 2991 2718 3050; x_wconf 89' lang='lat' dir='ltr'><strong>tanta</strong></span> <span class='ocrx_word' id='word_1_140' title='bbox 2785 2972 3160 3074; x_wconf 84' lang='lat' dir='ltr'><strong>(adversus</strong></span> <span class='ocrx_word' id='word_1_141' title='bbox 3222 2975 3600 3069; x_wconf 90' lang='lat' dir='ltr'><strong>mulieres)</strong></span> 
     </span>
     <span class='ocr_line' id='line_1_19' title="bbox 675 3106 2561 3209; baseline -0.001 -26"><span class='ocrx_word' id='word_1_142' title='bbox 675 3149 685 3161; x_wconf 95' lang='lat'><strong>·</strong></span> <span class='ocrx_word' id='word_1_143' title='bbox 738 3125 984 3183; x_wconf 93' lang='lat' dir='ltr'><strong>manet</strong></span> <span class='ocrx_word' id='word_1_144' title='bbox 1032 3108 1407 3181; x_wconf 89' lang='lat' dir='ltr'><strong>inclinatio</strong></span> <span class='ocrx_word' id='word_1_145' title='bbox 1461 3106 1670 3180; x_wconf 78' lang='lat' dir='ltr'><strong>fortis</strong></span> <span class='ocrx_word' id='word_1_146' title='bbox 1719 3123 1804 3181; x_wconf 90' lang='lat' dir='ltr'><strong>ut</strong></span> <span class='ocrx_word' id='word_1_147' title='bbox 1857 3111 2167 3208; x_wconf 84' lang='lat' dir='ltr'><strong>exprimi</strong></span> <span class='ocrx_word' id='word_1_148' title='bbox 2216 3124 2561 3209; x_wconf 81' lang='lat' dir='ltr'><strong>nequeat.</strong></span> 
     </span>
    </p>
   </div>
   <div class='ocr_carea' id='block_1_5' title="bbox 471 3226 3605 4691">
    <p class='ocr_par' dir='ltr' id='par_1_9' title="bbox 471 3226 3605 3748">
     <span class='ocr_line' id='line_1_20' title="bbox 471 3226 3605 3344; baseline -0.002 -24"><span class='ocrx_word' id='word_1_149' title='bbox 471 3226 481 3229; x_wconf 42' lang='grc'><strong>”</strong></span> <span class='ocrx_word' id='word_1_150' title='bbox 555 3247 680 3320; x_wconf 87' lang='grc'><strong>62.</strong></span> <span class='ocrx_word' id='word_1_151' title='bbox 737 3226 920 3335; x_wconf 88' lang='lat' dir='ltr'><strong>Vos,</strong></span> <span class='ocrx_word' id='word_1_152' title='bbox 983 3241 1585 3344; x_wconf 85' lang='lat' dir='ltr'><strong>praeceptoribus</strong></span> <span class='ocrx_word' id='word_1_153' title='bbox 1651 3236 1949 3332; x_wconf 85' lang='lat' dir='ltr'><strong>addicti,</strong></span> <span class='ocrx_word' id='word_1_154' title='bbox 2021 3242 2108 3313; x_wconf 89' lang='lat' dir='ltr'><strong>iis</strong></span> <span class='ocrx_word' id='word_1_155' title='bbox 2175 3242 2766 3343; x_wconf 88' lang='lat' dir='ltr'><strong>(obtemperatis)</strong></span> <span class='ocrx_word' id='word_1_156' title='bbox 2834 3265 3149 3343; x_wconf 86' lang='lat' dir='ltr'><strong>quorum</strong></span> <span class='ocrx_word' id='word_1_157' title='bbox 3212 3265 3418 3315; x_wconf 88' lang='lat' dir='ltr'><strong>mens</strong></span> <span class='ocrx_word' id='word_1_158' title='bbox 3466 3266 3605 3343; x_wconf 89' lang='lat' dir='ltr'><strong>per</strong></span> 
     </span>
     <span class='ocr_line' id='line_1_21' title="bbox 735 3372 3603 3479; baseline -0.002 -24"><span class='ocrx_word' id='word_1_159' title='bbox 735 3375 1143 3479; x_wconf 71' lang='lat' dir='ltr'><strong>Vedantam</strong></span> <span class='ocrx_word' id='word_1_160' title='bbox 1196 3378 1518 3451; x_wconf 84' lang='lat' dir='ltr'><strong>fraenata</strong></span> <span class='ocrx_word' id='word_1_161' title='bbox 1570 3392 1707 3471; x_wconf 89' lang='lat' dir='ltr'><strong>est;</strong></span> <span class='ocrx_word' id='word_1_162' title='bbox 1759 3401 1898 3451; x_wconf 91' lang='lat' dir='ltr'><strong>nos</strong></span> <span class='ocrx_word' id='word_1_163' title='bbox 1947 3392 2191 3451; x_wconf 88' lang='lat' dir='ltr'><strong>autem</strong></span> <span class='ocrx_word' id='word_1_164' title='bbox 2228 3372 2618 3478; x_wconf 78' lang='lat' dir='ltr'><strong>&#39;sequimur</strong></span> <span class='ocrx_word' id='word_1_165' title='bbox 2665 3388 2923 3478; x_wconf 71' lang='lat' dir='ltr'><strong>poetas</strong></span> <span class='ocrx_word' id='word_1_166' title='bbox 2959 3402 3276 3478; x_wconf 89' lang='lat' dir='ltr'><strong>quorum</strong></span> <span class='ocrx_word' id='word_1_167' title='bbox 3327 3400 3603 3451; x_wconf 88' lang='lat' dir='ltr'><strong>sermo·</strong></span> 
     </span>
     <span class='ocr_line' id='line_1_22' title="bbox 739 3510 3604 3614; baseline -0.001 -25"><span class='ocrx_word' id='word_1_168' title='bbox 739 3539 872 3590; x_wconf 91' lang='lat' dir='ltr'><strong>nes</strong></span> <span class='ocrx_word' id='word_1_169' title='bbox 920 3511 1219 3588; x_wconf 89' lang='lat' dir='ltr'><strong>iucundi</strong></span> <span class='ocrx_word' id='word_1_170' title='bbox 1271 3528 1465 3587; x_wconf 86' lang='lat' dir='ltr'><strong>sunt:</strong></span> <span class='ocrx_word' id='word_1_171' title='bbox 1522 3510 1709 3586; x_wconf 89' lang='lat' dir='ltr'><strong>nihil</strong></span> <span class='ocrx_word' id='word_1_172' title='bbox 1761 3514 1956 3586; x_wconf 90' lang='lat' dir='ltr'><strong>enim</strong></span> <span class='ocrx_word' id='word_1_173' title='bbox 2002 3516 2082 3586; x_wconf 91' lang='lat' dir='ltr'><strong>in</strong></span> <span class='ocrx_word' id='word_1_174' title='bbox 2117 3528 2307 3587; x_wconf 89' lang='lat' dir='ltr'><strong>terra</strong></span> <span class='ocrx_word' id='word_1_175' title='bbox 2360 3515 2583 3614; x_wconf 83' lang='lat' dir='ltr'><strong>magis</strong></span> <span class='ocrx_word' id='word_1_176' title='bbox 2633 3510 2985 3588; x_wconf 87' lang='lat' dir='ltr'><strong>conducit</strong></span> <span class='ocrx_word' id='word_1_177' title='bbox 3031 3536 3277 3614; x_wconf 86' lang='lat' dir='ltr'><strong>neque</strong></span> <span class='ocrx_word' id='word_1_178' title='bbox 3328 3515 3404 3585; x_wconf 93' lang='lat' dir='ltr'><strong>in</strong></span> <span class='ocrx_word' id='word_1_179' title='bbox 3456 3511 3604 3587; x_wconf 89' lang='lat' dir='ltr'><strong>hoc</strong></span> 
     </span>
     <span class='ocr_line' id='line_1_23' title="bbox 742 3644 2699 3748; baseline -0.002 -24"><span class='ocrx_word' id='word_1_180' title='bbox 742 3644 1021 3724; x_wconf 89' lang='lat' dir='ltr'><strong>mundo</strong></span> <span class='ocrx_word' id='word_1_181' title='bbox 1074 3644 1457 3722; x_wconf 86' lang='lat' dir='ltr'><strong>iucundius</strong></span> <span class='ocrx_word' id='word_1_182' title='bbox 1510 3645 1913 3748; x_wconf 86' lang='lat' dir='ltr'><strong>quidquam</strong></span> <span class='ocrx_word' id='word_1_183' title='bbox 1963 3648 2268 3722; x_wconf 90' lang='lat' dir='ltr'><strong>muliere</strong></span> <span class='ocrx_word' id='word_1_184' title='bbox 2319 3646 2699 3722; x_wconf 86' lang='lat' dir='ltr'><strong>lotiocula.</strong></span> 
     </span>
    </p>

    <p class='ocr_par' dir='ltr' id='par_1_10' title="bbox 562 3777 3605 3883">
     <span class='ocr_line' id='line_1_24' title="bbox 562 3777 3605 3883; baseline -0.001 -25"><span class='ocrx_word' id='word_1_185' title='bbox 562 3786 690 3858; x_wconf 90' lang='grc'><strong>63.</strong></span> <span class='ocrx_word' id='word_1_186' title='bbox 749 3779 950 3876; x_wconf 90' lang='lat' dir='ltr'><strong>Quid</strong></span> <span class='ocrx_word' id='word_1_187' title='bbox 1018 3779 1264 3855; x_wconf 89' lang='lat' dir='ltr'><strong>multis</strong></span> <span class='ocrx_word' id='word_1_188' title='bbox 1327 3777 1623 3855; x_wconf 88' lang='lat' dir='ltr'><strong>tandem</strong></span> <span class='ocrx_word' id='word_1_189' title='bbox 1683 3783 1928 3857; x_wconf 83' lang='lat' dir='ltr'><strong>verbis</strong></span> <span class='ocrx_word' id='word_1_190' title='bbox 1991 3782 2346 3869; x_wconf 78' lang='lat' dir='ltr'><strong>inutiliter</strong></span> <span class='ocrx_word' id='word_1_191' title='bbox 2407 3781 2714 3883; x_wconf 89' lang='lat' dir='ltr'><strong>prolatis</strong></span> <span class='ocrx_word' id='word_1_192' title='bbox 2782 3806 2970 3882; x_wconf 90' lang='lat' dir='ltr'><strong>opus</strong></span> <span class='ocrx_word' id='word_1_193' title='bbox 3032 3783 3168 3854; x_wconf 85' lang='lat' dir='ltr'><strong>est!</strong></span> <span class='ocrx_word' id='word_1_194' title='bbox 3242 3780 3421 3853; x_wconf 89' lang='lat' dir='ltr'><strong>Duo</strong></span> <span class='ocrx_word' id='word_1_195' title='bbox 3484 3780 3605 3854; x_wconf 86' lang='lat' dir='ltr'><strong>hic</strong></span> 
     </span>
    </p>

    <p class='ocr_par' dir='ltr' id='par_1_11' title="bbox 600 3884 3602 4155">
     <span class='ocr_line' id='line_1_25' title="bbox 600 3884 3599 4018; baseline -0.001 -27"><span class='ocrx_word' id='word_1_196' title='bbox 600 3884 607 3890; x_wconf 26' lang='grc' dir='ltr'>ι</span> <span class='ocrx_word' id='word_1_197' title='bbox 670 3935 675 3938; x_wconf 72' lang='grc'><strong>’</strong></span> <span class='ocrx_word' id='word_1_198' title='bbox 750 3940 1040 4018; x_wconf 89' lang='lat' dir='ltr'><strong>semper</strong></span> <span class='ocrx_word' id='word_1_199' title='bbox 1099 3911 1418 3990; x_wconf 79' lang='lat' dir='ltr'><strong>colenda</strong></span> <span class='ocrx_word' id='word_1_200' title='bbox 1470 3930 1639 3989; x_wconf 84' lang='lat' dir='ltr'><strong>sunt</strong></span> <span class='ocrx_word' id='word_1_201' title='bbox 1696 3913 2161 3990; x_wconf 85' lang='lat' dir='ltr'><strong>hominibus:</strong></span> <span class='ocrx_word' id='word_1_202' title='bbox 2240 3913 2384 3991; x_wconf 88' lang='lat' dir='ltr'><strong>Vel</strong></span> <span class='ocrx_word' id='word_1_203' title='bbox 2437 3918 2631 3987; x_wconf 91' lang='lat' dir='ltr'><strong>enim</strong></span> <span class='ocrx_word' id='word_1_204' title='bbox 2698 3915 3185 3988; x_wconf 84' lang='lat' dir='ltr'><strong>formosarum</strong></span> <span class='ocrx_word' id='word_1_205' title='bbox 3236 3917 3599 4006; x_wconf 83' lang='lat' dir='ltr'><strong>iuventus,</strong></span> 
     </span>
     <span class='ocr_line' id='line_1_26' title="bbox 752 4046 3602 4155; baseline -0 -28"><span class='ocrx_word' id='word_1_206' title='bbox 752 4076 892 4155; x_wconf 93' lang='lat' dir='ltr'><strong>per</strong></span> <span class='ocrx_word' id='word_1_207' title='bbox 937 4054 1205 4155; x_wconf 88' lang='lat' dir='ltr'><strong>primas</strong></span> <span class='ocrx_word' id='word_1_208' title='bbox 1258 4052 1625 4126; x_wconf 86' lang='lat' dir='ltr'><strong>ebrietatis</strong></span> <span class='ocrx_word' id='word_1_209' title='bbox 1674 4049 1967 4126; x_wconf 85' lang='lat' dir='ltr'><strong>facetias</strong></span> <span class='ocrx_word' id='word_1_210' title='bbox 2015 4050 2396 4127; x_wconf 81' lang='lat' dir='ltr'><strong>lasciviens</strong></span> <span class='ocrx_word' id='word_1_211' title='bbox 2448 4066 2522 4128; x_wconf 92' lang='lat' dir='ltr'><strong>et</strong></span> <span class='ocrx_word' id='word_1_212' title='bbox 2570 4076 3047 4125; x_wconf 88' lang='lat' dir='ltr'><strong>mammarum</strong></span> <span class='ocrx_word' id='word_1_213' title='bbox 3092 4046 3428 4154; x_wconf 89' lang='lat' dir='ltr'><strong>pondere</strong></span> <span class='ocrx_word' id='word_1_214' title='bbox 3475 4075 3602 4126; x_wconf 79' lang='lat' dir='ltr'><strong>ve·</strong></span> 
     </span>
    </p>

    <p class='ocr_par' dir='ltr' id='par_1_12' title="bbox 684 4187 1908 4294">
     <span class='ocr_line' id='line_1_27' title="bbox 684 4187 1908 4294; baseline 0 -30"><span class='ocrx_word' id='word_1_215' title='bbox 684 4240 689 4246; x_wconf 92' lang='lat'><em>-</em></span> <span class='ocrx_word' id='word_1_216' title='bbox 747 4203 936 4283; x_wconf 84' lang='lat' dir='ltr'><strong>xata‚</strong></span> <span class='ocrx_word' id='word_1_217' title='bbox 991 4188 1112 4266; x_wconf 83' lang='lat' dir='ltr'><strong>vel</strong></span> <span class='ocrx_word' id='word_1_218' title='bbox 1165 4192 1379 4264; x_wconf 89' lang='lat' dir='ltr'><strong>etiam</strong></span> <span class='ocrx_word' id='word_1_219' title='bbox 1428 4187 1652 4294; x_wconf 83' lang='lat' dir='ltr'><strong>sylva.</strong></span> <span class='ocrx_word' id='word_1_220' title='bbox 1766 4196 1772 4203; x_wconf 83' lang='grc'><strong>’</strong></span> <span class='ocrx_word' id='word_1_221' title='bbox 1894 4281 1908 4291; x_wconf 42' lang='lat'><strong>·</strong></span> 
     </span>
    </p>

    <p class='ocr_par' dir='ltr' id='par_1_13' title="bbox 567 4305 3597 4691">
     <span class='ocr_line' id='line_1_28' title="bbox 567 4305 3597 4428; baseline -0.001 -28"><span class='ocrx_word' id='word_1_222' title='bbox 567 4328 694 4400; x_wconf 83' lang='grc'><strong>64.</strong></span> <span class='ocrx_word' id='word_1_223' title='bbox 747 4325 1020 4401; x_wconf 87' lang='lat' dir='ltr'><strong>Verum</strong></span> <span class='ocrx_word' id='word_1_224' title='bbox 1069 4325 1345 4425; x_wconf 88' lang='lat' dir='ltr'><strong>loquor</strong></span> <span class='ocrx_word' id='word_1_225' title='bbox 1395 4350 1441 4398; x_wconf 97' lang='lat' dir='ltr'><strong>o</strong></span> <span class='ocrx_word' id='word_1_226' title='bbox 1492 4325 1855 4417; x_wconf 85' lang='lat' dir='ltr'><strong>homines,</strong></span> <span class='ocrx_word' id='word_1_227' title='bbox 1928 4305 2171 4427; x_wconf 83' lang='lat' dir='ltr'><strong>neque</strong></span> <span class='ocrx_word' id='word_1_228' title='bbox 2224 4350 2313 4398; x_wconf 85' lang='lat' dir='ltr'><strong>ex</strong></span> <span class='ocrx_word' id='word_1_229' title='bbox 2363 4328 2682 4428; x_wconf 87' lang='lat' dir='ltr'><strong>partium</strong></span> <span class='ocrx_word' id='word_1_230' title='bbox 2731 4322 3002 4416; x_wconf 89' lang='lat' dir='ltr'><strong>studio,</strong></span> <span class='ocrx_word' id='word_1_231' title='bbox 3076 4341 3151 4399; x_wconf 89' lang='lat' dir='ltr'><strong>et</strong></span> <span class='ocrx_word' id='word_1_232' title='bbox 3199 4327 3391 4399; x_wconf 86' lang='lat' dir='ltr'><strong>inter</strong></span> <span class='ocrx_word' id='word_1_233' title='bbox 3441 4349 3597 4398; x_wconf 91' lang='lat' dir='ltr'><strong>om·</strong></span> 
     </span>
     <span class='ocr_line' id='line_1_29' title="bbox 753 4452 3596 4560; baseline 0 -30"><span class='ocrx_word' id='word_1_234' title='bbox 753 4452 883 4531; x_wconf 86' lang='lat' dir='ltr'><strong>nes</strong></span> <span class='ocrx_word' id='word_1_235' title='bbox 930 4474 1176 4557; x_wconf 82' lang='lat' dir='ltr'><strong>gentes</strong></span> <span class='ocrx_word' id='word_1_236' title='bbox 1219 4457 1366 4530; x_wconf 88' lang='lat' dir='ltr'><strong>hoc</strong></span> <span class='ocrx_word' id='word_1_237' title='bbox 1413 4484 1668 4542; x_wconf 77' lang='lat' dir='ltr'><strong>verum</strong></span> <span class='ocrx_word' id='word_1_238' title='bbox 1715 4476 1848 4532; x_wconf 85' lang='lat' dir='ltr'><strong>est:</strong></span> <span class='ocrx_word' id='word_1_239' title='bbox 1903 4458 2082 4532; x_wconf 91' lang='lat' dir='ltr'><strong>Non</strong></span> <span class='ocrx_word' id='word_1_240' title='bbox 2116 4457 2311 4531; x_wconf 90' lang='lat' dir='ltr'><strong>aliud</strong></span> <span class='ocrx_word' id='word_1_241' title='bbox 2352 4457 2755 4559; x_wconf 87' lang='lat' dir='ltr'><strong>quidquam</strong></span> <span class='ocrx_word' id='word_1_242' title='bbox 2802 4474 3121 4531; x_wconf 88' lang='lat' dir='ltr'><strong>mentem</strong></span> <span class='ocrx_word' id='word_1_243' title='bbox 3153 4462 3344 4560; x_wconf 84' lang='lat' dir='ltr'><strong>rapit</strong></span> <span class='ocrx_word' id='word_1_244' title='bbox 3378 4485 3596 4559; x_wconf 86' lang='lat' dir='ltr'><strong>quam</strong></span> 
     </span>
     <span class='ocr_line' id='line_1_30' title="bbox 753 4568 3286 4691; baseline 0.001 -28"><span class='ocrx_word' id='word_1_245' title='bbox 753 4589 1092 4663; x_wconf 89' lang='lat' dir='ltr'><strong>mulieres</strong></span> <span class='ocrx_word' id='word_1_246' title='bbox 1149 4615 1391 4691; x_wconf 90' lang='lat' dir='ltr'><strong>neque</strong></span> <span class='ocrx_word' id='word_1_247' title='bbox 1444 4590 1581 4686; x_wconf 84' lang='lat' dir='ltr'><strong>alia</strong></span> <span class='ocrx_word' id='word_1_248' title='bbox 1633 4616 1852 4691; x_wconf 89' lang='lat' dir='ltr'><strong>quam</strong></span> <span class='ocrx_word' id='word_1_249' title='bbox 1902 4590 2086 4664; x_wconf 89' lang='lat' dir='ltr'><strong>haec</strong></span> <span class='ocrx_word' id='word_1_250' title='bbox 2133 4594 2346 4663; x_wconf 89' lang='lat' dir='ltr'><strong>unica</strong></span> <span class='ocrx_word' id='word_1_251' title='bbox 2399 4589 2679 4663; x_wconf 89' lang='lat' dir='ltr'><strong>doloris</strong></span> <span class='ocrx_word' id='word_1_252' title='bbox 2730 4568 2940 4664; x_wconf 86' lang='lat' dir='ltr'><strong>eausa</strong></span> <span class='ocrx_word' id='word_1_253' title='bbox 2992 4594 3286 4665; x_wconf 84' lang='lat' dir='ltr'><strong>exsistit.</strong></span> 
     </span>
    </p>
   </div>
   <div class='ocr_carea' id='block_1_6' title="bbox 569 4761 3591 5024">
    <p class='ocr_par' dir='ltr' id='par_1_14' title="bbox 569 4761 3591 5024">
     <span class='ocr_line' id='line_1_31' title="bbox 1408 4761 2697 4885; baseline 0.001 -24"><span class='ocrx_word' id='word_1_254' title='bbox 1408 4870 1424 4885; x_wconf 48' lang='grc'><em>,</em></span> <span class='ocrx_word' id='word_1_255' title='bbox 1448 4761 1813 4863; x_wconf 59' lang='lat' dir='ltr'><strong>mosmos</strong></span> <span class='ocrx_word' id='word_1_256' title='bbox 1863 4791 2268 4864; x_wconf 67' lang='lat' dir='ltr'><strong>natue-run</strong></span> <span class='ocrx_word' id='word_1_257' title='bbox 2321 4812 2697 4862; x_wconf 72' lang='lat' dir='ltr'><strong>mrrrcmn.</strong></span> 
     </span>
     <span class='ocr_line' id='line_1_32' title="bbox 569 4917 3591 5024; baseline 0 -30"><span class='ocrx_word' id='word_1_258' title='bbox 569 4922 698 4996; x_wconf 84' lang='lat'><strong>65.</strong></span> <span class='ocrx_word' id='word_1_259' title='bbox 754 4917 1068 4997; x_wconf 88' lang='lat' dir='ltr'><strong>Tamdiu</strong></span> <span class='ocrx_word' id='word_1_260' title='bbox 1102 4921 1220 4996; x_wconf 86' lang='lat' dir='ltr'><strong>vel</strong></span> <span class='ocrx_word' id='word_1_261' title='bbox 1253 4923 1660 5024; x_wconf 86' lang='lat' dir='ltr'><strong>proborum</strong></span> <span class='ocrx_word' id='word_1_262' title='bbox 1711 4923 1951 4999; x_wconf 91' lang='lat' dir='ltr'><strong>elucet</strong></span> <span class='ocrx_word' id='word_1_263' title='bbox 1998 4924 2127 4997; x_wconf 86' lang='lat' dir='ltr'><strong>illa</strong></span> <span class='ocrx_word' id='word_1_264' title='bbox 2177 4927 2639 4999; x_wconf 86' lang='lat' dir='ltr'><strong>intaminatae</strong></span> <span class='ocrx_word' id='word_1_265' title='bbox 2686 4923 3081 5024; x_wconf 89' lang='lat' dir='ltr'><strong>sapientiae</strong></span> <span class='ocrx_word' id='word_1_266' title='bbox 3132 4920 3279 5014; x_wconf 80' lang='lat' dir='ltr'><strong>fax,</strong></span> <span class='ocrx_word' id='word_1_267' title='bbox 3341 4921 3591 5024; x_wconf 80' lang='lat' dir='ltr'><strong>quam·</strong></span> 
     </span>
    </p>
   </div>
  </div>
 </body>
</html>
