4126 5595
533 1043 657 1116 26.
716 1041 967 1116 Mariti
1001 1040 1250 1117 felices
1288 1042 1600 1116 ebibunt
1631 1039 2001 1115 labiorum
2035 1055 2288 1115 nectar
2319 1066 2630 1114 uxorum
2668 1041 2746 1114 in
2781 1065 3090 1142 quarum
3122 1057 3381 1144 pectus
3410 1038 3599 1116 deci·

1691 575 2131 642 CENTURIA
2184 578 2473 641 mum.
3452 557 3595 649 ’87
3714 578 3724 589 ·

713 781 1061 869 proterva
1113 781 1192 840 et
1216 766 1392 863 ‘sine
1444 760 1711 839 timore
1761 762 2060 839 tandem
2112 765 2614 838 membrorum
2665 762 3076 839 mobilitate
3127 761 3595 840 immodicam

714 929 978 1007 parans
1032 884 1480 979 felicitatem.
1986 902 1988 904 ’

715 1175 983 1252 derunt
1035 1178 1314 1252 corolla
1352 1194 1426 1252 et
1461 1172 1806 1270 cincinni,
1868 1178 2057 1278 quae
2101 1177 2331 1251 oculis
2365 1175 2633 1250 florum
2668 1179 2895 1251 instar
2931 1179 3263 1278 expansis
3297 1177 3591 1279 paullu-

709 1311 868 1385 lum
902 1315 1328 1404 connivent,
1391 1339 1699 1414 quarum
1733 1300 1949 1412 genas
1985 1309 2237 1402 sudor,
2296 1337 2472 1412 prae
2510 1308 2772 1410 gaudio
2811 1327 3091 1403 enatus,
3139 1311 3537 1386 humectat.

635 1498 654 1520 .
710 1444 896 1519 Illae
950 1445 1368 1537 mulierum,
1430 1447 1662 1521 oculis
1713 1449 2029 1522 suaviter
2075 1448 2531 1536 nictantium,
2590 1443 2958 1532 lacrimae,
3019 1470 3198 1546 quas
3236 1451 3414 1549 prae
3460 1470 3590 1522 vo-

711 1581 995 1686 luptate
1048 1580 1441 1658 effundunt
1493 1580 1668 1656 dum
1723 1578 2068 1684 gaudium
2118 1596 2405 1684 parant,
2462 1605 2503 1654 a
2556 1582 2990 1696 coniugibus
3043 1596 3240 1656 certe
3281 1584 3591 1660 invicem

588 1737 593 1743 ·
713 1734 1206 1821 agnoscuntur
1253 1735 1604 1822 tanquam
1657 1716 2100 1793 desiderium
2152 1720 2717 1820 exstinguentes.

528 1861 653 1928 28.

530 2267 654 2341 29.

521 2685 648 2751 30.

525 3361 651 3429 31.

712 1853 922 1930 Idem
991 1852 1194 1958 quod
1257 1857 1431 1932 viris
1500 1858 1884 1957 contingit,
1958 1870 2070 1947 ut,
2146 1852 2445 1956 quando
2499 1854 2714 1928 senili
2766 1869 3000 1929 aetate
3053 1879 3340 1930 amores
3370 1880 3592 1930 com·

712 2007 1115 2084 mutantur,
1173 1995 1539 2092 inexperti
1592 2007 1667 2065 et
1715 2016 1968 2090 segnes
2019 1989 2226 2080 fiant,
2285 1992 2390 2063 sic
2443 2004 2518 2063 et
2567 1989 2996 2063 mulieribus
3050 1987 3336 2065 accidit:
3415 1988 3591 2092 quid

716 2128 913 2201 enim
963 2130 1115 2203 vita
1163 2126 1359 2202 valet
1409 2152 1495 2200 ac
1547 2122 1888 2229 gaudium
1943 2120 2240 2226 quando
2290 2123 2523 2197 ubera
2575 2119 3029 2226 dependunt.

712 2265 855 2341 IIic
899 2282 1018 2342 ‘est
1067 2267 1336 2340 amoris
1388 2265 1665 2340 fructus
1715 2267 1794 2340 in
1827 2259 2137 2358 mundo,
2198 2259 2399 2367 quod
2438 2259 2728 2338 duobus
2762 2288 2908 2337 una
2945 2287 3152 2339 mens
3190 2279 3325 2341 est:
3371 2271 3591 2340 'amor

718 2402 1016 2508 quando
1072 2402 1363 2511 ,discors
1424 2403 1550 2499 fit,
1625 2406 2099 2480 connubium·
2142 2402 2374 2480 veluti
2442 2400 2762 2479 duorum
2838 2399 3268 2480 cadaverum
3326 2407 3589 2481 existi-

718 2541 1093 2618 mandum.

707 2676 1109 2752 Sermones
1158 2679 1602 2780 puellarum,
1662 2679 2033 2779 antilopae
2088 2679 2346 2753 oculos
2398 2679 2854 2769 habentium,
2915 2680 3045 2779 qui
3096 2693 3362 2779 sponte
3412 2706 3586 2780 pro·

709 2812 1101 2904 feruntur,·
1147 2839 1396 2887 amore
1461 2810 1741 2905 dulces,
1807 2812 2328 2887 benevolentia
2363 2814 2599 2915 pleni
2651 2828 2873 2914 atque
2927 2836 3018 2885 ex
3065 2811 3447 2913 voluptate
3496 2817 3589 2887 ti-

705 2947 1075 3042 tubantes,
1134 2963 1728 3042 suavesonantes,
1788 2950 2247 3042 innocentes,
2304 2947 2718 3042 temulenti,
2777 2963 3033 3021 natura
3078 2973 3205 3032 sua
3257 2946 3584 3043 iucundi,

708 3081 1151 3159 confidentia
1215 3083 1443 3187 digni,
1514 3087 1784 3160 amoris
1837 3101 2173 3160 exortum
2236 3082 2668 3160 indicantes:
2727 3111 2860 3158 cur
2907 3083 3090 3158 tales
3142 3084 3382 3158 statim
3437 3106 3588 3154 non

708 3220 1076 3323 abripiant
1125 3219 1402 3296 virum?
2446 3316 2464 3326 .
3381 3301 3387 3309 ‚

708 3355 1192 3431 Domicilium
1241 3371 1541 3458 paretur
1589 3353 1681 3429 ad
1737 3354 2098 3458 Gangem,
2170 3382 2434 3458 aquam
2485 3356 2688 3430 illam
2752 3372 3051 3458 peecata
3102 3355 3583 3446 auferentem,

591 3519 598 3526 ·
712 3490 831 3564 vel
880 3493 1098 3564 etiam
1145 3488 1235 3564 ad
1272 3505 1609 3565 tenerum
1653 3491 1946 3592 puellae
1991 3506 2280 3594 pectus,
2337 3516 2470 3566 cor
2500 3495 2817 3594 rapiens,
2876 3494 3083 3566 sertis
3119 3472 3483 3565 ornatum.

521 3633 647 3700 32.

516 4178 649 4245 33.

706 3624 796 3701 In
838 3629 1120 3703 animo
1188 3628 1533 3731 superbia
1601 3630 1966 3730 virginum
2002 3653 2284 3704 coram
2355 3630 2591 3703 amico
2657 3624 2936 3702 tamdiu
3006 3627 3258 3705 locum
3307 3627 3592 3703 habeat

710 3763 1061 3867 quamdiu
1113 3792 1268 3842 non
1319 3769 1548 3871 spirat
1597 3782 1857 3844 ventus
1911 3766 2173 3842 santali
2240 3764 2595 3843 odoribus
2645 3765 2995 3870 fragrans.

884 4036 893 4071 Ι
1190 4064 1721 4114 TEMPEsTA'rUM
1762 4066 2212 4115 Dssscmrno.
2289 4067 2587 4115 vmmtm
2625 4067 2926 4116 TEMPUS.

712 4169 1050 4247 Odorem
1129 4169 1504 4249 advehunt
1577 4177 1846 4269 venti,·
1891 4176 2185 4250 arbusta
2261 4190 2679 4250 tenerarum
2739 4176 3067 4250 millibus
3131 4196 3583 4275 gemmarum

711 4312 1071 4401 emicant;
1150 4309 1488 4389 femellae
1569 4311 2000 4389 cuculorum
2078 4315 2279 4390 suavi
2357 4329 2432 4391 et
2494 4313 2638 4391 alta
2704 4312 3000 4420 quercla
3065 4312 3584 4417 ingemiscunt3

709 4448 1008 4525 modico
1075 4449 1320 4555 gaudii
1384 4450 1653 4529 sudore
1706 4470 2294 4558 consperguntur
2345 4454 2733 4531 mulierum
2784 4454 3003 4528 facies
3053 4451 3384 4526 lunatae:
3459 4445 3586 4522 ad·

707 4589 1050 4664 veniente
1101 4615 1274 4665 vere
1328 4592 1444 4665 cui
1497 4607 1725 4666 noctu
1776 4618 1930 4668 non
1984 4595 2341 4695 contingit
2392 4590 2634 4695 gaudii
2686 4588 3019 4666 exortus?

529 4728 653 4797 34.
708 4723 858 4799 Ver
908 4721 1120 4817 illud,
1180 4729 1615 4802 suavissimis
1668 4730 1885 4801 etiam
1935 4729 2286 4803 lusciniae
2340 4729 2657 4831 querelis
2706 4729 3092 4826 ventisque
3165 4748 3253 4798 ex
3303 4722 3586 4825 Malaya

714 4861 1178 4960 spirantibus,
1236 4860 1575 4936 homines
1628 4864 2025 4938 abamore
2078 4880 2467 4966 separatos.
2503 4865 2892 4938 excruciat:
2952 4864 3030 4934 in
3074 4860 3292 4935 rebus
3327 4856 3580 4931 adver-

715 4994 839 5086 sis,
897 4992 1113 5070 eheu!
1171 5011 1423 5072 nectar
1471 5000 1716 5101 ipsum
1764 5024 2129 5075 venenum
2180 4998 2291 5074 fit.

3743 1015 3772 1053 s
3814 1026 3819 1033 .

3740 1061 3808 1136 [ἢ
