4126 5595
1880 529 2394 596 maurum.
3049 496 3069 510 ’
3476 537 3681 600 xxix

891 717 1095 791 Haec
1165 716 1389 790 habui
1465 717 1620 789 sere
1696 714 1790 788 de
1860 740 2052 792 nova
2120 741 2310 817 quac
2381 714 2702 789 dicerem
2765 714 3255 793 Bhartriharis
3318 717 3669 796 editione.

601 847 869 954 Neque
932 876 1110 944 vero
1173 851 1616 957 praefationi
1679 875 1884 927 meae
1938 849 2168 927 finem
2218 853 2602 957 imponere
2652 876 2983 956 possum,
3057 856 3239 956 quin
3290 851 3494 948 Tibi,
3562 857 3675 931 vir

606 987 1053 1084 doctissime,
1124 995 1353 1068 amice
1405 994 1822 1071 suavissime
1875 990 2346 1068 Ferdc‘nande
2397 996 2727 1092 Benaty,
2781 1016 2923 1094 pro
2977 991 3322 1094 singulari
3375 992 3546 1069 Tuo
3600 1010 3676 1069 et

606 1154 982 1232 nunquam
1044 1134 1212 1205 satis
1280 1128 1649 1205 laudando
1718 1155 1884 1232 erga
1934 1153 2053 1204 me
2106 1129 2384 1218 favore,
2456 1130 2714 1231 gratias
2764 1153 2969 1232 agam
3024 1154 3244 1233 quam
3297 1134 3667 1207 maximas.

606 1264 727 1340 Tu
793 1269 990 1340 enim
1045 1292 1199 1342 non
1251 1264 1481 1342 modo
1534 1271 1610 1340 in
1662 1263 1948 1342 schedis
1999 1263 2529 1369 perlustrandis
2583 1281 2658 1340 et
2707 1262 3155 1367 corrigendis
3184 1281 3482 1363 ,tantam
3531 1292 3670 1370 po-

606 1403 810 1473 suisti
881 1398 1370 1501 diligentiam,
1454 1416 1573 1494 ut,
1658 1426 1845 1504 quae
1907 1398 2219 1475 subinde
2296 1398 2943 1504 deprehendantur
3004 1423 3392 1502 operarum
3454 1404 3666 1496 vitia,

608 1560 841 1637 pauca
895 1537 1041 1610 sint
1092 1552 1168 1612 ct
1216 1536 1655 1641 plerumque
1705 1536 1924 1631 levia;
1980 1560 2236 1612 verum
2290 1538 2507 1612 etiam
2562 1534 2783 1612 dubia
2838 1533 3196 1641 quaedam
3256 1562 3443 1641 quae
3489 1536 3671 1612 mihi

610 1690 1103 1749 remanserant
1168 1688 1244 1749 et
1306 1673 1562 1750 calami
1632 1677 1935 1780 insuper
1993 1700 2282 1751 errores
2346 1677 2576 1768 omni,
2651 1701 2838 1779 quae
2907 1678 3072 1751 Tua
3140 1691 3276 1769 est,
3345 1674 3672 1751 sollertia

609 1826 830 1913 atque
884 1809 1234 1887 industria
1288 1811 1569 1890 solvisti
1620 1829 1696 1888 et
1743 1815 2110 1891 benevole
2165 1839 2454 1890 mecum
2507 1816 3086 1890 communicasti.
3194 1814 3541 1888 Meritum
3577 1810 3672 1885 de

611 1971 726 2022 me
780 1946 1028 2023 Tuum
1080 1964 1327 2026 manet
1379 1950 1521 2025 alta
1573 1967 1820 2027 mente
1876 1967 2286 2055 repostum.

711 2082 1139 2160 Scribebam
1186 2084 1636 2188 Regimontii
1681 2087 2122 2164 Prussorum
2166 2111 2417 2161 mense
2461 2086 2870 2161 Novembr.
2937 2092 3152 2158 1833.

2664 2559 2762 2644 P.
2814 2589 2871 2671 a
2907 2556 3259 2645 Romen.
3316 2499 3320 2502 ’
