4126 5595
1623 549 2063 615 CENTUmA
2118 547 2461 616 Teum.
3404 529 3567 623 117

689 739 1051 813 continuo
1116 739 1458 839 occupati
1509 762 1784 844 sumus,
1850 760 2097 840 neque
2152 737 2490 811 oboritur
2538 731 2861 810 formido
2913 731 3331 811 videntibus
3379 740 3564 822 nati,

683 875 986 948 vitatem
1050 875 1195 947 iam
1262 899 1352 948 ex
1414 889 1788 949 senectute
1850 874 1928 947 in
1991 889 2309 948 mortem
2368 897 2706 975 vergere:
2787 871 3092 948 stultitia
3154 871 3567 979 praeditum

684 1008 1083 1114 voluptatis
1132 1013 1384 1088 vinum
1437 1010 1778 1086 hauriens
1829 1010 2274 1086 temulentus
2329 1013 2534 1113 quasi
2587 1026 2696 1086 est
2744 1008 3089 1105 mundus,
3199 1068 3204 1072 ·

496 1148 622 1222 46.
679 1144 894 1234 „Nox
939 1146 1067 1220 illa
1114 1150 1492 1250 praeteriit
1541 1163 1614 1222 et
1662 1146 1817 1221 dies
1870 1146 2383 1250 quoque,”·sic
2431 1146 2770 1221 homines
2815 1146 3082 1221 frustra
3132 1148 3561 1248 cogitantes,

683 1284 1021 1380 inceptos
1104 1281 1782 1382 quocunquemodo
1845 1281 2137 1356 labores
2203 1285 2404 1355 omni
2472 1279 2715 1355 studio
2766 1281 3245 1355 nihilominus
3312 1279 3566 1354 alacri-

682 1427 798 1485 ter
862 1395 1109 1486 denuo
1179 1412 1727 1514 aggrediuntur:
1799 1413 1947 1487 hoc
1998 1412 2227 1488 modo
2280 1413 2609 1507 infinitis,
2684 1411 2995 1489 laudatis
3046 1410 3274 1487 modo
3327 1437 3411 1486 ae
3457 1413 3566 1487 vi·

687 1550 1069 1651 tuperatis,
1139 1573 1483 1624 sensuum
1546 1550 1854 1626 obiectis
1903 1574 2044 1655 per
2108 1548 2308 1626 hunc
2360 1548 2718 1626 mundum
2768 1547 3122 1654 depressi,
3191 1572 3329 1626 nos
3380 1546 3568 1623 eheu

678 1684 983 1762 stultitia
1034 1713 1190 1762 non
1244 1688 1768 1764 erubescimus.

493 1825 616 1900 46.
681 1822 970 1919 Quodsi
1062 1823 1575 1921 meditatione,
1657 1829 1798 1902 rite
1878 1827 2106 1921 facta,
2188 1825 2343 1905 Sivi
2428 1826 2884 1904 domicilium
2956 1855 3113 1904 non
3197 1826 3570 1930 attingitur

675 1977 990 2066 propter
1057 1979 1381 2038 mentem
1446 1967 1525 2036 in
1586 1989 1707 2037 res
1772 1961 2174 2036 mundanas
2241 1960 2590 2055 defixam,
2666 1962 2933 2065 quodsi
3006 1967 3233 2038 virtus
3296 1959 3556 2063 pori-0,

684 2121 875 2200 quae
948 2094 1040 2171 ad
1110 2097 1306 2171 coeli
1365 2111 1626 2200 portae
1684 2097 1929 2172 valvas
1989 2093 2397 2199 perducere
2461 2113 2717 2199 queat,
2787 2096 3043 2171 labore
3092 2121 3249 2170 non
3283 2096 3559 2197 ‘acqui-

685 2237 901 2330 ritur,
970 2231 1171 2309 idem
1234 2249 1346 2309 est
1393 2259 1479 2308 ae
1529 2235 1591 2309 si
1640 2232 1966 2309 mulieris
2013 2233 2327 2309 uberum
2377 2248 2452 2310 et
2500 2232 2926 2310 lumborum
2986 2259 3123 2339 par
3169 2235 3250 2310 in
3295 2256 3559 2311 somno

685 2398 844 2446 non
894 2371 1504 2475 amplecteremur
1551 2387 1625 2448 et
1675 2374 2037 2477 bipennes
2090 2387 2372 2477 tantum
2426 2397 2746 2449 essemus
2795 2368 2889 2447 ad
2940 2371 3255 2450 iuvenile
3306 2372 3558 2448 matris

683 2534 941 2586 nemus
994 2507 1503 2587 scindendum.

500 2645 624 2721 47.
683 2642 1032 2739 Scientia,
1100 2648 1181 2720 in
1232 2647 1416 2721 orbe
1476 2662 1836 2734 terrarum
1889 2643 2279 2739 honorata,
2356 2671 2543 2749 quae
2598 2646 3101 2723 altercantium
3150 2642 3559 2721 multitudi-

680 2807 853 2854 nem
897 2781 1243 2872 refrenat,
1302 2784 1363 2856 si
1412 2778 1878 2856 obedientiae
1925 2807 2078 2855 non
2114 2779 2477 2855 adsuescit
2509 2784 2694 2883 ipsa3
2753 2797 2829 2856 et
2874 2781 3132 2881 gloria,
3188 2804 3378 2882 quae
3412 2779 3561 2881 gla-

678 2912 784 2988 dii
846 2917 1002 2988 acie
1052 2914 1175 2991 vel
1234 2913 1607 3018 elephanti
1663 2913 1917 2990 domat
1977 2918 2362 3009 cervicem,
2401 2918 2497 2990 'si
2557 2913 2649 2990 ad
2715 2913 3010 2990 coelum
3072 2940 3229 2989 non
3289 2910 3562 3018 perdu-

675 3054 803 3146 cit;
867 3050 990 3129 vel
1055 3049 1376 3155 denique
1429 3055 1492 3127 si
1546 3079 1805 3128 succus
1863 3078 1905 3129 e
1950 3056 2225 3128 teneris
2274 3055 2548 3128 amicae
2599 3051 2968 3129 labiorum
3018 3051 3327 3128 surculis
3388 3064 3565 3154 post

682 3186 927 3262 ortam'
969 3187 1225 3262 lunam
1286 3212 1442 3262 non
1492 3189 1800 3262 bibitur:
1871 3203 2049 3262 tunc
2100 3190 2465 3281 iuventus,
2522 3192 2680 3264 sine
2732 3188 2973 3264 fructu
3026 3187 3214 3263 eheu
3261 3200 3556 3291 praete·

686 3325 852 3414 rita,
910 3321 1162 3394 similis
1217 3337 1325 3395 est
1375 3325 1454 3394 in
1505 3347 1665 3395 casa
1715 3348 1942 3399 vacua
1991 3321 2341 3425 lampadi.
3429 3295 3436 3301 ι

456 3460 624 3548 ,48.
685 3454 1032 3548 Scientia,
1095 3481 1282 3556 quae
1335 3455 1602 3529 colitur
1634 3460 1921 3532 virtutis
1973 3459 2194 3558 signis
2247 3482 2534 3561 expers3
2592 3483 2799 3561 opes,
2860 3482 3046 3560 quae
3096 3457 3354 3531 labore
3404 3479 3560 3531 non

684 3595 1206 3697 acquiruntur3
1286 3591 1705 3668 obedientia
1777 3618 2049 3697 porro,
2141 3596 2202 3668 si
2275 3596 2398 3698 pia
2474 3592 2814 3671 adversus
2902 3608 3241 3698 parentes
3313 3606 3560 3668 mente

685 3760 842 3807 non
895 3733 1192 3836 insignis
1246 3746 1382 3826 est3
1438 3734 1747 3836 virgines
1803 3730 2152 3838 denique,
2209 3748 2601 3838 protensos
2652 3759 2829 3840 prae
2883 3730 3247 3811 desiderio
3302 3730 3560 3807 oculos

684 3871 1078 3963 habentes,
1160 3873 1221 3944 si
1289 3872 1366 3943 in
1417 3897 1680 3945 somno
1743 3897 1897 3945 non
1967 3871 2359 3974 complexu
2421 3888 2800 3947 tenentur:
2856 3888 3146 3972 tempus
3210 3868 3357 3944 tale
3408 3868 3557 3942 avi-

687 4003 912 4080 ditate
964 4008 1042 4078 in
1094 4005 1323 4079 frusta
1375 4006 1609 4080 aliena
1661 3990 1886 4080 'veluti
1937 4031 2075 4108 per
2126 4032 2389 4081 corvos
2441 4011 2782 4081 nutritur.

500 4144 623 4213 49.
681 4137 867 4229 Nos,
928 4138 1197 4238 quibus
1249 4138 1469 4212 liberi
1513 4137 1802 4232 adsunt,
1862 4142 2018 4240 qui,
2076 4139 2301 4241 longo
2354 4142 2817 4241 quantumvis
2869 4155 3203 4241 tempore
3249 4137 3557 4210 circum·

683 4289 881 4366 eant,
952 4272 1169 4346 nobis
1233 4270 1632 4377 aliquando
1685 4273 1983 4368 similes,
2053 4298 2310 4349 senum
2365 4257 2665 4379 quoque
2720 4289 3224 4350 emortuorum
3274 4294 3555 4345 memo·

686 4413 869 4484 riam
931 4410 1414 4504 revocabunt3
1483 4436 1620 4484 nos
1683 4413 1986 4513 inquam
2035 4411 2217 4486 tales
2270 4377 2517 4487 sumus
2566 4427 2675 4506 ut,
2746 4408 2838 4485 de
2891 4409 3012 4484 die
3063 4411 3141 4481 in
3173 4404 3388 4480 'diem
3440 4430 3559 4479 ca·

686 4545 886 4621 sibus
942 4546 1274 4640 obnoxii,
1349 4545 1850 4622 conditionem
1914 4546 2164 4652 adepti
2227 4551 2449 4624 simus
2501 4547 2885 4623 arboribus
2936 4548 3015 4620 in
3066 4566 3369 4619 arenosa
3419 4539 3555 4615 ssu-

688 4686 903 4758 minis
956 4686 1116 4785 ripa
1169 4686 1661 4759 crescentibus
1712 4684 2048 4759 similem.

507 4823 635 4895 60.
690 4817 910 4892 Aetas
976 4834 1271 4893 centum
1334 4844 1699 4894 annorum
1761 4818 2187 4896 hominibus
2255 4818 2609 4896 destinata
2675 4833 2809 4893 est:
2881 4829 3112 4892 noctu
3175 4809 3555 4887 dimidium

695 4955 986 5046 transit3
1073 4951 1369 5027 alterius
1443 4978 1624 5030 vero
1702 4952 1986 5029 dimidii
2056 4980 2227 5058 pars
2304 4952 2599 5028 dimidia
2674 4952 2974 5027 infantia
3037 4965 3111 5024 et
3181 4960 3553 5022 senectute
