4126 5595
450 1046 576 1120 86.

441 1726 567 1801 86.

1570 584 2009 650 CENTumA
2061 586 2407 651 TERTIA.
3342 575 3505 669 123

635 777 977 863 animam,
1037 768 1126 843 ad
1174 771 1647 844 substantiam
1697 797 1851 845 non
1897 770 2079 843 mihi
2125 770 2514 844 discrimen
2562 785 2695 845 est:
2751 788 2998 848 tamen
3050 778 3131 851 in
3169 763 3345 854 'eum
3395 781 3504 857 di·

633 910 890 1011 rigitur
938 911 1312 982 vencratio
1365 933 1552 999 mea,
1623 909 1750 1010 qui
1800 933 2070 984 novam
2122 906 2373 982 lunam
2423 910 2501 982 in
2549 910 2820 983 vertice
2872 913 3081 1012 gerit.

633 1044 724 1118 In
788 1045 1122 1120 coelestis
1187 1044 1503 1118 fluminis
1554 1047 1819 1146 ripam,
1893 1047 2098 1118 cuius
2151 1042 2456 1119 candida
2517 1044 2856 1146 planities
2913 1073 3051 1148 per
3080 1050 3338 1128 ‚claros
3390 1053 3504 1129 lu·
3598 1134 3602 1138 ,

631 1205 766 1254 nae
831 1178 1074 1254 radios
1140 1177 1691 1281 resplendescit,
1762 1181 1890 1251 ubi
1956 1178 2269 1253 feliciter
2335 1179 2812 1255 consedentes
2876 1197 2955 1264 et
3013 1209 3055 1255 a
3121 1186 3503 1289 voluptate

626 1313 1073 1417 perfruenda
1118 1314 1384 1400 lassati,
1427 1316 1766 1387 noctibus
1812 1339 1853 1386 a
1896 1319 2205 1416 strepitu
2249 1314 2652 1402 silentibus,
2699 1340 2745 1389 o
2791 1314 2988 1410 Sive,
3039 1316 3238 1411 Sive,
3293 1320 3493 1398 Sive!

624 1448 1018 1540 ululamus,
1090 1446 1387 1550 quando
1451 1451 1753 1542 ibimus,
1827 1448 2215 1523 oculorum
2278 1452 2430 1524 acie
2495 1474 2676 1554 prae
2737 1451 2974 1551 ‚multa
3037 1442 3499 1533 lacrimarum

624 1587 700 1663 vi
753 1584 1036 1660 obtusi?
1115 1661 1123 1668 ,
1552 1666 1556 1674 ,
3301 1562 3308 1568 ⁸

622 1722 992 1828 Dispersis
1051 1725 1388 1800 omnibus
1452 1715 1746 1830 opibus,
1817 1728 2140 1801 animum
2203 1740 2455 1803 tenera
2522 1725 3020 1803 misericordia
3079 1730 3366 1835 impleti
3410 1749 3498 1841 'et

625 1860 1024 1956 mundum,
1085 1859 1196 1936 'ad
1265 1864 1590 1939 sterilem
1653 1860 2167 1940 vicissitudinis
2227 1865 2455 1939 finem
2518 1868 2664 1939 iam
2741 1864 3159 1961 redactum,
3250 1872 3491 1964 enavi-
3568 1838 3581 1848 .

623 2015 900 2101 gantes,
976 1997 1270 2100 quando
1305 1987 1636 2074 ⁴tandem
1698 2004 1776 2072 in
1843 1997 2043 2102 sylv'a
2112 2027 2312 2074 sacra
2374 2016 2656 2090 noctes,
2728 2001 3206 2075 auctumnalis
3272 2003 3491 2078 lunae

619 2132 842 2209 radiis
908 2133 1389 2227 collustratas,
1446 2137 1945 2237 transigamus,
2013 2138 2094 2209 in
2145 2133 2299 2212 Sivi
2347 2132 2540 2238 pede
2590 2139 2889 2211 unicum
2937 2135 3296 2239 refugium
3346 2162 3486 2241 po·

620 2270 919 2348 nentes?

541 2464 561 2485 .
621 2409 943 2505 Quando
998 2408 1342 2515 equidem
1375 2409 1809 2486 Varanasiac
1860 2407 1951 2485 ad
2006 2411 2436 2487 immortalis
2484 2402 2782 2516 Gangae
2832 2397 3477 2517 ripam'habitans,

618 2548 837 2623 fascia
901 2552 1179 2623 cinctus
1243 2565 1319 2624 et
1379 2573 1633 2623 manus
1683 2553 1762 2624 in
1813 2565 2036 2651 caput
2087 2549 2429 2625 attollens
2481 2546 2978 2653 compositas,
3026 2551 3480 2628 exclamabo:

619 2709 730 2774 „o
782 2680 973 2757 adsis
1027 2683 1292 2756 Gauris
1346 2682 1672 2758 domine!
1732 2710 1778 2758 o
1831 2685 2135 2786 Tripuri
2184 2687 2447 2759 victor!
2517 2711 2564 2759 o
2618 2684 2974 2759 Sambhu!
3034 2711 3081 2759 o
3134 2685 3485 2762 Triocule

614 2817 1033 2891 miserere!”
1084 2834 1259 2891 tunc
1311 2818 1465 2891 dies
1519 2824 1904 2919 transigam
1955 2819 2184 2894 veluti
2237 2823 2590 2920 temporis
2642 2835 3124 2893 momentum.

431 2960 554 3026 88.
609 2951 1072 3027 Lustramine
1127 2950 1544 3055 Gangeticis
1596 2957 1803 3056 aquis
1855 2954 2050 3029 facto
2108 2971 2177 3029 et
2232 2957 2602 3057 praestito·
2634 2958 2838 3058 puris
2888 2954 3197 3030 floribus
3232 2954 3483 3031 fructi-

430 3632 553 3703 89.

612 3090 899 3191 busque
951 3089 1333 3181 sacrificio,
1392 3090 1695 3164 simulac
1743 3106 1819 3164 te
1873 3117 1920 3163 o
1974 3089 2272 3164 domine
2327 3089 2645 3165 meditor
2684 3090 3242 3193 cogitabundus,
3300 3107 3480 3167 stra·

616 3224 789 3325 gulo
842 3228 919 3297 in
971 3228 1239 3297 montis
1291 3250 1637 3297 cavernae
1688 3249 1860 3297 saxo
1911 3226 2369 3316 incumbens,
2442 3229 2686 3298 animo
2741 3223 3055 3326 quietus,
3124 3214 3480 3301 fructibus

614 3384 912 3433 vescens
965 3385 1049 3432 ac
1096 3362 1594 3460 praeceptoris
1640 3361 1934 3438 monitis
1969 3356 2314 3460 gaudens:
2372 3376 2547 3434 tunc
2582 3359 2951 3462 equidem,
3012 3387 3058 3434 o
3096 3360 3293 3455 Sive,
3352 3378 3476 3437 tua

615 3497 839 3594 gratia
892 3520 930 3565 a
982 3493 1206 3584 malo,
1263 3518 1399 3595 per
1447 3496 1727 3567 iuvenis
1774 3493 2099 3595 pisciferi
2147 3497 2519 3570 servitium
2568 3509 2853 3596 parato,
2912 3494 3312 3570 liberabor.

611 3627 838 3701 Humi
893 3626 1286 3729 stragulum
1340 3627 1569 3702 lectus
1629 3643 1903 3721 noster,
1963 3628 2503 3705 immaculatum
2558 3627 2867 3706 cervical
2915 3606 3210 3706 brachia
3259 3657 3472 3735 prac-

609 3766 792 3839 bent
852 3780 1238 3867 protensa,
1310 3790 1720 3868 canopeum
1785 3780 2120 3840 nostrum
2186 3766 2519 3860 coelum,
2573 3758 2979 3841 ¹flabellum
3044 3750 3473 3869 refrigerans

612 3901 739 3974 ille
788 3902 1181 3990 Favonius,
1238 3900 1513 4001 lampas
1564 3898 1803 3975 lucida
1854 3901 2059 3994 luna;
2116 3902 2517 3977 relictionis
2568 3919 2917 4005 tanquam
2969 3903 3314 4011 mulieris·
3344 3901 3469 3977 ad·

612 4035 810 4110 fectu
861 4033 1179 4135 gaudens
1217 4035 1525 4109 feliciter
1563 4034 1835 4109 dormit
1866 4036 2112 4109 Munis
2150 4040 2464 4137 quietus,
2523 4037 2732 4110 nullo
2769 4042 3098 4139 corporis
3133 4054 3469 4140 respectu

493 4180 505 4193 ⁶
560 4217 562 4220 v
606 4166 891 4259 habim,
949 4172 1135 4269 regis
1186 4169 1437 4241 instar.

427 4308 550 4381 90.

431 4724 554 4795 91.

607 4302 1019 4398 Solitarius,
1087 4303 1194 4378 nil
1259 4301 1702 4399 desiderans,
1776 4309 2092 4410 quietus,
2159 4333 2300 4411 pro
2364 4323 2614 4411 patera
2680 4335 2973 4384 manum
3041 4323 3115 4384 et
3173 4307 3466 4384 coelum

605 4445 1021 4519 vestimenti
1079 4440 1252 4518 loco
1311 4441 1630 4539 habens,
1703 4443 1999 4549 quando
2053 4472 2100 4521 o
2154 4444 2517 4539 Sambhu,
2586 4473 2809 4551 opera
2862 4444 3277 4522 eradicandi
3324 4470 3466 4550 po·

606 4596 767 4657 tens
822 4580 991 4655 ero?

607 4719 834 4792 Manu
894 4733 1188 4820 paterae
1250 4715 1422 4793 loco
1484 4735 1729 4812 utere;
1799 4722 2055 4821 stipe,
2099 4716 2404 4794 candida
2467 4735 2710 4794 mente
2777 4732 3105 4818 erogata,
3188 4716 3456 4811 fruere;

609 4854 884 4953 ubique
934 4853 1275 4926 locorum
1328 4853 1645 4927 consede
1697 4870 1771 4927 et
1822 4858 2066 4927 omnia
2116 4854 2345 4929 veluti
2383 4855 2738 4927 straminis
2773 4849 3147 4924 cumulum
3178 4853 3297 4926 vix
3330 4846 3456 4924 ad·

612 4988 837 5088 spice:
895 4985 1422 5088 qualiscunque
1476 4989 1672 5059 enim
1721 4987 2049 5062 mortalis
2100 4990 2292 5061 inter
2341 4984 2673 5078 devotos,
2736 4982 3025 5060 indivisi
3076 4998 3150 5059 et
3197 4985 3457 5059 summi

2722 5121 2857 5193 16·
