4126 5595
1703 512 1958 573 LmEn
2014 508 2457 572 vaurms,-
2731 510 2733 513 ·
2821 532 2827 540 -
2904 547 2907 552 -
3038 541 3043 546 -
3426 487 3598 578 235

530 730 617 786 79.
666 714 1057 778 Desideratur
1097 709 1383 772 sententia
1421 707 1482 768 in
1523 705 1788 778 Cod.A.;
1823 706 1883 766 in
1926 705 2084 766 Edit.
2113 704 2260 765 Srir.
2298 702 2566 764 ultimum
2605 703 2743 764 libri
2781 701 2977 765 locum
3018 717 3286 787 occupat,
3319 707 3421 769 sed
3462 706 3596 770 cu‘m

663 831 936 916 Rogerio
977 829 1050 890 ad
1090 839 1262 910 caput
1301 827 1488 888 hocce
1519 824 1848 887 necessario
1875 835 1999 885 erat
2024 822 2358 884 reserenda.
2435 823 2507 881 In
2533 820 2775 905 singulis
2799 820 2995 883 verbis
3020 824 3114 884 vix
3145 823 3381 885 haereat
3406 825 3595 889 lector

665 951 893 1015 tametsi
913 949 1146 1036 gravius
1165 947 1384 1031 aliquid
1405 946 1751 1030 plerumque
1773 944 1835 1006 in
1854 965 1916 1007 se
1936 942 2277 1006 contineant
2294 963 2463 1024 quam
2485 941 2544 1002 in
2565 939 2838 1004 versione
2859 942 3255 1023 expressimus:
3278 960 3411 1038 ῃ,
3439 945 3599 1008 cuius

664 1071 992 1156 aphaeresis
1018 1084 1217 1134 notam
1246 1070 1570 1133 omiserunt
1597 1069 1871 1131 Editores
1900 1067 1994 1129 Sr.
2021 1073 2285 1127 laudibus
2312 1069 2524 1142 esser-re
2548 1063 2817 1139 denotat;
2841 1081 2939 1156 ag
2964 1074 3270 1126 thesaurus
3299 1066 3600 1148 speciatim

664 1192 972 1278 pecuniam
996 1191 1304 1278 significat,
1339 1213 1510 1273 quam
1535 1202 1728 1251 terrae
1756 1184 1990 1250 tradere
2014 1187 2075 1248 in
2105 1185 2352 1268 publicis
2378 1180 2573 1248 solent
2597 1185 3030 1262 calamitatibus,
3058 1186 3214 1248 unde
3238 1180 3449 1252 ’πῖῆῑπ
3470 1191 3601 1264 sus-

649 1318 858 1388 sossus
897 1313 1194 1394 propriam
1232 1333 1391 1373 suam
1426 1311 1544 1372 vim
1585 1307 1825 1385 retinet.
1860 1307 1995 1368 dein
2024 1302 2477 1380 vero'perciitum
2505 1307 2794 1388 exprimit,
2828 1317 2894 1366 ut
2920 1302 3026 1366 nos
3046 1305 3168 1366 alia
3197 1304 3433 1385 quidem
3471 1325 3601 1366 me-

663 1431 910 1511 taphora
936 1440 1322 1502 unser-graban
1351 1429 1614 1490 dicimus.
1688 1416 1804 1489 suff
1829 1425 2111 1507 proponit
2140 1422 2289 1485 Cod.
2308 1425 2399 1499 B„
2434 1419 2682 1486 a'vcrbo
2710 1436 2937 1494 rectum
2964 1421 3393 1501 Accusativum‚
3428 1443 3599 1506 prae·

663 1548 900 1610 tulimus
951 1548 1287 1614 Ablativum
1340 1570 1471 1610 cum
1509 1545 1780 1608 Scholiis.
1857 1551 2096 1605 Jalums
2121 1551 2260 1620 filia
2303 1562 2639 1628 cognomen
2680 1542 2923 1628 Gangae
2966 1552 3074 1605 est'
3101 1511 3186 1624 ἐν.
3232 1547 3481 1606 Wlson.
3519 1542 3592 1603 ad

664 1669 939 1754 Meghad.
964 1672 1158 1752 p.59.)
1199 1682 1261 1732 et
1298 1676 1578 1729 montium
1608 1674 1877 1744 princeps
1905 1664 2264 1746 Himalayus.
2346 1662 2627 1725 Ceterum
2661 1679 2762 1729 ῑπῐε
2813 1675 2974 1726 arcte
3016 1665 3294 1726 cohaeret
3334 1685 3468 1726 cum
3500 1682 3595 1724 se-

664 1789 997 1870 quentibus.
2458 1785 2463 1792 ¹
2509 1775 2530 1789 ‚‚
2613 1782 2617 1787 ’

523 1919 611 1970 80.
659 1906 968 1968 Invenitur
1008 1926 1208 1967 versus
1248 1904 1310 1964 in
1350 1903 1506 1965 Edit.
1549 1926 1608 1984 p.
1625 1916 1771 1979 103„
1808 1901 1973 1962 cuius
2015 1877 2332 1961 lectionem
2359 1899 2778 2048 adoptavimus,
2817 1901 3011 1962 Codd.
3048 1901 3460 1980 renitentibus,
3494 1900 3594 1981 qui

655 2024 985 2082 membrum
1010 2022 1329 2082 secundum
1355 2022 1471 2081 hoc
1499 2021 1680 2079 modo
1708 2018 2090 2078 concinnant.

1464 2133 1539 2195 Λ.
1574 2151 1685 2225 ῑιπ
1715 2149 1814 2198 ππ
1844 2130 2269 2222 ιτττιτιττπῐτιῃιὲι
2300 2119 2487 2223 ειπεῆξ
2524 2143 2636 2192 etc.

1471 2254 1540 2314 n.
1574 2270 1700 2344 sm.
1741 2251 1881 2333 (sic)
1915 2238 2239 2344 mgnum
2268 2248 2464 2344 auger
2494 2239 2687 2344 πῶς

661 2379 783 2439 Pro
822 2372 961 2468 ἰὲιτν
997 2395 1180 2456 porro
1208 2371 1282 2435 Λ.
1305 2368 1430 2461 q&
1452 2373 1655 2435 scribit
1683 2385 1741 2434 et
1764 2391 1937 2439 ΞτπΠ
1965 2373 2217 2453 denique
2247 2372 2383 2435 loco
2407 2368 2947 2495 affinit.11ancce
2980 2371 3238 2493 ultimam
3264 2371 3584 2437 lectionem

657 2494 1132 2578 a‹loptavimus‚'
1114 2517 1173 2555 in
1199 2510 1371 2560 Ξῑππῐ
1396 2516 1530 2557 cum
1557 2492 1762 2556 Schol.
1792 2504 2139 2557 correctam.
3113 2497 3118 2507 ’

525 2631 614 2680 81.
662 2615 1037 2679 Contrarium
1065 2614 1332 2699 depingit
1355 2614 1642 2677 sententia
1673 2626 1732 2676 et
1757 2636 1994 2697 prorsus
2025 2635 2147 2675 non
2175 2612 2427 2676 iucunda
2454 2633 2578 2677 esse
2604 2614 2806 2677 asserit
2832 2635 2918 2693 ea,
2952 2635 3101 2696 quae
3129 2615 3420 2678 distichon
3446 2638 3589 2699 pro-

658 2737 810 2797 xime
844 2736 1196 2796 antecedens
1234 2745 1676 2822 enumeraverat
1710 2767 1791 2781 -
1838 2734 1886 2796 si
1912 2734 2126 2817 prioris
2154 2733 2503 2795 hemistichii
2529 2734 3072 2817 interpretationem
3097 2748 3353 2799 nostram
3379 2755 3590 2817 seque·

658 2856 758 2933 ris,
780 2856 882 2916 sed
908 2854 1019 2915 iam
1041 2855 1215 2915 video
1237 2874 1329 2914 me
1349 2853 1648 2934 particulis
1669 2871 1794 2915 esse
1821 2853 2023 2914 salsum
2045 2852 2257 2933 quihus
2277 2864 2439 2914 recte
2461 2854 2754 2934 perceptis
2772 2872 2912 2914 vera
2939 2854 3082 2914 baec
3110 2866 3200 2915 est
3221 2854 3591 2934 interpretio:

665 2980 822 3054 Quid
855 2996 974 3032 non
1011 2980 1324 3032 iucundum
1361 2990 1449 3033 ese
1483 2980 1745 3033 habitare
1774 2980 2067 3048 palatium
2080 3015 2100 3041 ,
2145 2978 2285 3049 qus‘d
2316 2994 2435 3031 non
2469 2978 2672 3032 audire
2708 2988 2916 3032 cantus
2954 2989 3010 3031 ee
3046 2980 3169 3032 alia
3180 3016 3199 3041 ,
3244 2979 3441 3050 quidve
3473 2996 3593 3032 non

653 3102 827 3155 etiam
855 3098 1184 3171 pennagnd
1219 3119 1348 3154 cum
1388 3100 1542 3154 caris·
1581 3101 1734 3153 vitae
1770 3101 1963 3159 ἔπεισι·
1996 3100 2202 3152 amicis
2235 3110 2542 3152 conventus·
2566 3098 2854 3167 sels'cs'tate
2890 3100 3184 3162 gaudere?
3268 3100 3428 3171 Quid
3457 3117 3591 3154 vero

658 3212 791 3277 rell.
828 3213 1023 3293 itaque
1065 3234 1199 3273 cum
1236 3210 1421 3293 priori
1458 3230 1632 3271 versu
1670 3210 2027 3271 conveniens
2068 3210 2195 3270 sere
2222 3209 2510 3270 sententia
2536 3208 2682 3269 haec
2709 3220 2823 3269 est:
2858 3208 3097 3287 Palatia,
3133 3221 3333 3272 cantus
3359 3223 3420 3272 et
3442 3212 3590 3273 ami-

642 3354 868 3400 .corum
901 3351 1198 3393 consessus
1239 3350 1376 3392 sane
1416 3329 1567 3390 vitae
1608 3340 1744 3415 sunt
1780 3327 2232 3406 oblectamenta,
2267 3327 2646 3389 nihilominus
2688 3339 2881 3389 tamen
2906 3329 3193 3410 sapientes
3220 3329 3365 3391 haec
3392 3331 3591 3392 omnia

659 3472 771 3532 pro
809 3449 1030 3510 vanidis
1069 3446 1371 3521 babentes,
1407 3446 1657 3528 fugiunt.
1744 3444 1996 3506 Pulchra
2023 3446 2218 3506 bacin
2250 3465 2315 3505 re
2341 3458 2514 3526 pocta
2544 3446 2724 3506 utitur
2750 3446 3022 3528 imagine,
3058 3466 3227 3526 quam
3255 3467 3393 3509 cave
3420 3468 3496 3508 ne
3521 3447 3584 3507 in

658 3566 856 3647 plures
904 3584 1133 3645 separes
1181 3562 1490 3645 imagines:
1535 3578 1600 3621 ut
1634 3570 1739 3621 ala
1773 3569 1914 3629 σοὺ,
1958 3579 2023 3620 ut
2059 3571 2303 3620 candela
2339 3579 2509 3621 veruo
2543 3571 2883 3628 sretnulans.
2942 3579 3007 3620 ut
3042 3570 3319 3635 germinis
3358 3571 3583 3625 umbra.

657 3681 861 3743 Schol.
901 3681 1150 3762 explieat
1191 3696 1351 3744 κεπτ·
1398 3669 1554 3744 εικῆ
1595 3695 1742 3742 narr.
1790 3695 1846 3743 ἐι
1890 3695 2006 3744 πω
2050 3671 2229 3744 unffi.
2264 3695 2416 3744 aaa.
2462 3668 3578 3772 ᾗπεστεῆεπῦππῇαῐξτῑπωιειπ

654 3798 827 3865 ἑῆέτ
865 3820 891 3858 ιι
934 3809 1198 3860 ceterum
1233 3808 1524 3858 structura
1553 3794 1771 3858 nullam
1809 3795 1987 3857 habet
2016 3796 2422 3858 difficultatem
2445 3785 2627 3861 Ξεπιῇ
2650 3793 2922 3874 Datim,
2948 3800 3071 3860 sive
3107 3788 3289 3877 ma&
3319 3790 3490 3891 εῇἧῖ
3518 3811 3587 3861 ut

661 3916 1043 3979 Grammatici
1070 3916 1412 3997 loquuntur,
1446 3916 1667 3996 pendet
1689 3935 1722 3976 a
1756 3913 1870 4005 ἶτίῐ
1914 3914 2216 3997 [proprie.
2262 3915 2581 3977 iucundum
2618 3914 2989 3996 Ιιαόἰωιίοηί]
3028 3916 3169 3978 item
3192 3905 3343 3981 ᾓπὶ
3368 3916 3583 4000 gaudio

661 4036 765 4117 (su
781 4033 1063 4114 wohnen‚
1086 4057 1158 4095 su
1177 4034 1435 4113 irenen),
1461 4044 1821 4115 quapropter
1838 4034 2039 4095 eadem
2055 4034 2115 4097 vi
2140 4033 2201 4095 in
2219 4032 2401 4096 altera
2422 4034 2745 4096 sententiae
2769 4046 2933 4116 parte
2945 4033 3147 4096 Dativi
3169 4034 3421 4097 nominis
3443 4034 3583 4099 loco

658 4153 862 4236 partic.
891 4153 998 4213 sut.
1027 4173 1170 4234 pass.
1197 4150 1354 4217 επεὶῐ
1391 4152 1723 4216 adhibetur.
1799 4153 1967 4215 Loco
1996 4150 2134 4218 ειῆὲῐ
2160 4152 2311 4215 Cod.
2328 4154 2399 4213 Β.
2423 4150 2589 4218 εισι-ὰ
2611 4176 2780 4212 omne
2803 4152 2977 4236 legit;
3013 4174 3121 4214 nos
3147 4162 3457 4235 utrumque
3481 4173 3581 4215 ex-

658 4274 971 4359 pressimus
994 4271 1280 4335 sententia
1308 4271 1569 4352 iubente,
1603 4272 1791 4334 maior
1817 4284 2005 4335 tamen
2034 4271 2327 4337 vocabulo
2350 4268 2486 4338 (1Πῇ
2510 4270 2594 4335 vis
2621 4270 2792 4354 inest,
2825 4272 3053 4337 scilicet
3084 4271 3370 4358 sapientes
3395 4273 3455 4336 in
3482 4294 3581 4338 so·

656 4395 965 4460 litudinem
990 4416 1052 4458 se
1077 4394 1420 4458 subtrahere
1446 4393 1719 4458 omnihus
1743 4396 2110 4478 temporibus
2134 4394 2338 4460 solitos
2367 4394 2562 4458 fuisse.

523 4529 614 4583 82.
656 4519 898 4581 Novum
936 4516 1143 4599 incipit
1181 4528 1353 4599 caput
1392 4516 1466 4578 de
1504 4516 1887 4580 veneratione
1939 4516 2108 4597 Sivo,
2148 4516 2477 4581 devotionis
2516 4515 2676 4595 Deo,
2716 4519 3082 4599 praestanda;
3128 4517 3191 4578 in
3232 4515 3436 4578 iisdem
3475 4515 3588 4602 igi-

654 4651 754 4702 tur
786 4637 964 4700 rebus
999 4637 1251 4700 sordidis
1284 4638 1501 4701 versari
1538 4638 1734 4723 pergit
1781 4650 2006 4702 auctor.
2051 4672 2134 4687 —
2182 4637 2527 4721 Metaphora
2565 4636 2915 4701 insolentior
2950 4659 3143 4720 neque
3182 4649 3376 4699 tamen
3413 4658 3583 4719 pror-

656 4776 751 4817 sus
787 4755 1034 4817 absonas
1081 4757 1477 4838 perceptionis
1519 4756 1759 4819 facultas
1797 4756 2130 4847 (Πιθεῖ-τὴ
2154 4783 2225 4810 ==
2249 4758 2441 4843 τις)
2482 4755 2717 4838 elephas
2746 4757 2906 4837 quasi
2930 4755 3216 4818 masculus
3240 4768 3326 4816 est
3348 4753 3576 4836 urigine

657 4884 842 4935 tactus
880 4862 1053 4950 (ἔθετε
1082 4897 1156 4925 =
1176 4873 1340 4952 *πως
1385 4894 1494 4956 per
1533 4874 1952 4937 continentiam
1982 4887 2175 4936 tamen
2202 4865 2435 4955 (ἐῖσῆτι)
2462 4886 2777 4937 coercetur
2800 4893 2879 4934 ne
2906 4874 2979 4934 ad
3004 4894 3202 4936 rerum
3229 4869 3573 4933 sensualium

2828 4989 2969 5052 30*
