4126 5595
475 1205 602 1272 32.

475 1752 600 1820 33.

474 2159 600 2230 34.

471 3255 599 3328 36.

1633 594 1957 658 anmu
2017 593 2392 658 CARMEN.
3234 566 3253 664 .’
3427 558 3535 672 81

659 789 848 887 regis
907 783 1183 888 palatio
1245 805 1384 886 per
1448 781 1794 856 satellites
1857 775 2262 854 abducerer
2324 774 2697 872 crudeles,
2764 783 3132 861 terribiles
3201 801 3278 863 et
3324 785 3539 866 Yami

658 925 886 1000 servis
949 919 1263 1014 similes,
1331 919 1482 996 hoc
1531 945 1671 995 nee
1723 915 1870 994 dici
1919 943 1962 993 a
2011 942 2132 993 me
2181 931 2431 1023 potest
2483 932 2558 994 et
2607 919 2933 995 animum
2980 948 3232 1000 meum
3283 950 3536 1006 excru-

662 1064 830 1136 ciat.

659 1197 828 1272 Hoc
879 1221 1051 1271 sane
1103 1211 1334 1271 noctu
1384 1195 1654 1297 dieque
1708 1220 1839 1269 cor
1885 1218 2135 1267 meum
2186 1194 2407 1293 angit,
2469 1189 2673 1294 quod
2716 1196 2989 1269 amicae
3028 1221 3237 1272 meae
3276 1198 3539 1276 faeiem

657 1349 744 1406 ut
800 1332 1101 1433 plenam
1150 1331 1405 1404 lunam
1464 1345 1870 1420 venustam,
1926 1329 2277 1403 suavitate
2321 1325 2678 1400 Amorem
2727 1346 3197 1432 superantem
3249 1349 3325 1408 et
3382 1334 3536 1410 Cu·

658 1464 931 1570 pidinis
993 1465 1419 1544 vulneribus
1486 1465 2074 1568 superbientem,
2157 1487 2255 1536 ne
2319 1476 2781 1538 momentum
2848 1462 3151 1568 quidem
3224 1470 3586 1577 amplius·

663 1632 913 1682 coram
961 1601 1209 1683 videre
1261 1604 1445 1681 mihi
1505 1602 1750 1679 liceat.
2967 1692 2971 1696 Ι

657 1742 876 1819 Nune
928 1769 1256 1848 quoque,
1312 1742 1487 1819 licet
1541 1745 1759 1818 etiam
1808 1743 1888 1816 in
1937 1739 2245 1815 alteram
2307 1741 2531 1818 vitam
2580 1739 2766 1816 mihi
2820 1745 2916 1818 sit
2966 1743 3319 1842 eundum,
3391 1753 3537 1855 agi-

657 1897 803 1958 tata
854 1897 1100 1957 mente
1154 1884 1400 1984 cogito
1453 1884 1811 1983 virginem
1861 1878 2069 1953 illam
2118 1878 2471 1971 illaesam,
2530 1903 2739 1954 meae
2788 1883 2980 1957 vitae
3039 1909 3278 1986 spem3
3335 1889 3540 1963 cuius

661 2022 963 2093 eximiae
1016 2021 1414 2094 iuventutis
1463 2012 2015 2119 pulchritudine
2067 2013 2315 2086 nullus
2367 2013 2751 2088 fruebatur
2800 2015 3009 2090 alius.

657 2154 1053 2259 Hodieque
1111 2149 1342 2246 illud,
1423 2176 1772 2254 genarum
1831 2174 2003 2252 par,
2087 2145 2290 2251 quod
2351 2149 2707 2226 oberrans
2774 2153 3022 2256 apium
3093 2178 3396 2232 examen
3457 2161 3535 2233 in

665 2297 811 2368 oris
885 2320 1022 2369 ceu
1083 2289 1559 2396 Nymphaeae
1624 2288 2089 2392 fragrantiam
2152 2286 2538 2392 cupidum,
2623 2289 2995 2367 oseulatur
3055 2307 3130 2369 et
3188 2282 3534 2401 strepitus

664 2429 1150 2522 armillarum,
1219 2427 1692 2504 brachiorum
1753 2425 2060 2501 surculis
2113 2453 2281 2500 cum
2332 2426 2730 2530 gracilitate
2779 2432 3029 2525 motis,
3077 2427 3301 2509 'valde
3353 2461 3532 2511 eon-

663 2569 910 2642 turbat
957 2571 1280 2641 animum
1328 2592 1602 2641 meum.

579 2756 600 2777 .
657 2703 815 2776 Iam
864 2728 1063 2776 nune
1112 2704 1416 2776 memini
1479 2694 1862 2804 quomodo
1913 2696 2071 2790 illa,
2140 2701 2335 2771 inter
2381 2697 2688 2772 multam
2739 2697 2983 2801 gaudii
3033 2701 3532 2808 horripilatio-

658 2864 857 2931 nem,
900 2841 1103 2912 omni
1145 2834 1390 2911 studio
1433 2837 1788 2939 vigilaret,
1844 2836 1987 2908 sibi
2021 2850 2313 2909 caveret
2354 2848 2427 2908 et
2468 2859 2586 2909 me
2615 2833 3050 2938 adspiceret,
3108 2864 3338 2943 quum
3366 2866 3531 2946 ego,

657 3002 746 3052 ex
811 2973 1096 3052 mellito
1162 2974 1375 3051 faciei
1439 2989 1630 3080 potu
1698 2973 1972 3067 ebrius,
2044 2974 2404 3076 unguium
2465 2970 2756 3050 fissuras
2805 2979 3133 3080 pectoris
3200 2980 3538 3059 orbiculo

654 3115 1059 3219 infigerem.

653 3250 844 3326 Mihi
904 3255 984 3325 in
1046 3266 1371 3325 mentem
1427 3252 1630 3326 venit
1689 3264 1980 3349 tempus
2029 3247 2163 3319 ubi
2212 3245 2367 3338 illa,
2432 3246 2644 3323 vultu
2699 3273 2789 3322 ex
2838 3252 2943 3324 ira
2995 3253 3406 3331 abalienato
3460 3273 3538 3332 et

660 3389 864 3460 abire
930 3389 1259 3489 cupiens,
1331 3383 1423 3458 ad
1487 3409 1571 3457 ea
1637 3408 1825 3484 quae
1887 3378 2118 3455 modo
2188 3378 2513 3455 dixeram
2572 3382 2763 3457 nihil
2812 3384 3334 3486 responderet;
3402 3392 3535 3465 ubi

657 3520 1029 3594 oscularer
1092 3536 1167 3594 et
1229 3517 1357 3592 illa
1420 3515 1898 3593 vehementer
1958 3515 2212 3609 fleret3
2282 3516 2412 3588 ubi
2480 3514 2572 3590 ad
2641 3514 2870 3620 pedes
2933 3520 3074 3621 ipsi
3126 3538 3533 3625 prostratus

655 3653 1001 3730 dicerem:
1059 3679 1308 3731 servus
1357 3654 1496 3728 tibi
1546 3678 1710 3727 sum
1763 3677 1810 3728 o
1862 3667 2125 3744 amata,
2183 3676 2343 3725 ama
2394 3652 2543 3725 me!

575 3848 595 3870 .
653 3791 899 3869 IIodie
950 3819 1156 3868 mens
1207 3818 1369 3868 mea
1418 3807 1745 3895 vagatur,
1807 3788 1987 3894 quid
2038 3815 2176 3892 ego
2224 3788 2522 3865 faciam?
2577 3787 2734 3866 Cur
2776 3795 3079 3869 omnino
3123 3796 3304 3871 mihi
3347 3815 3530 3874 tem·

653 3958 795 4035 pus
861 3932 1075 4004 abeat
1138 3957 1307 4004 cum
1366 3932 1612 4003 amicis
1662 3932 1743 4003 in
1794 3927 2171 4002 domicilio
2223 3927 2752 4031 pulcherrimo,
2820 3957 2960 4034 per
3023 3931 3223 4009 lusos
3276 3932 3527 4013 admo·

656 4066 834 4142 dum
884 4064 1240 4157 iucundo,
1311 4067 1445 4139 ubi
1491 4064 1908 4166 puellarum
1958 4079 2240 4154 cantus,
2314 4066 2461 4137 ioci
2527 4080 2602 4137 et
2651 4068 2891 4141 variae
2945 4066 3362 4145 saltationes
3413 4075 3524 4147 in-

540 4221 542 4224 ’
655 4199 1195 4278 stituebantur?

473 4349 598 4417 38.

653 4339 813 4415 Iam
847 4364 1028 4415 vero
1065 4340 1315 4414 nescio
1353 4365 1533 4413 num
1570 4336 1755 4413 haee
1793 4336 1949 4415 Sivi
1984 4363 2174 4411 uxor
2212 4340 2331 4431 sit,
2381 4363 2475 4412 an
2512 4335 2718 4412 Indri
2755 4337 3044 4433 Urvasi,
3092 4368 3186 4417 an
3224 4342 3528 4422 Krishni

655 4475 1075 4571 Lakshmis3
1133 4503 1226 4551 an
1275 4503 1455 4554 vero
1508 4503 1645 4582 per
1696 4492 2103 4552 creatorem
2153 4473 2243 4550 ad
2298 4474 2653 4551 trimundi
2705 4477 3217 4554 confusionem
3264 4482 3388 4558 vel
3440 4509 3529 4560 ex

659 4612 1004 4719 cupidine
1055 4614 1279 4691 talem
1327 4619 1690 4718 virginum
1740 4617 2200 4717 margaritam
2248 4612 2547 4691 videndi
2600 4630 2836 4690 creata
2887 4618 3005 4689 sit.

478 4759 604 4829 39.
659 4752 922 4854 Neque
975 4778 1148 4826 sane
1193 4755 1582 4854 quisquam
1621 4756 1699 4825 in
1741 4767 1931 4825 terra
1973 4752 2178 4825 illam
2217 4776 2481 4843 meam,
2540 4777 2580 4824 a
2619 4753 2913 4824 nemine
2957 4766 3243 4844 tactam,
3300 4778 3521 4855 spon-

666 4913 817 4961 sam
876 4904 1124 4989 potest
1186 4884 1642 4962 describeret
1711 4886 1840 4962 ille
1902 4886 2147 4962 solum
2214 4889 2344 4988 qui
2402 4886 2714 4960 formam
2775 4887 2852 4958 in
2914 4888 3215 4988 geminis
3262 4885 3526 4966 viderit

666 5021 1020 5098 similibus
1079 5022 1472 5127 depingere
1522 5022 1770 5098 forsan
1821 5026 2081 5126 possit,
2139 5048 2294 5098 non
2346 5037 2587 5097 autem
2634 5020 2845 5098 alius.

2821 5164 2907 5230 11
