4126 5595
581 529 698 620 92

591 741 720 840 64.

1459 545 2101 631 BHARTmmtms
2161 546 2722 610 SENTENTIAE.

778 733 942 831 Qui
980 733 1369 808 mulierum
1420 728 1820 823 decretum,
1901 728 2105 834 quod
2160 756 2484 805 amorem
2539 734 2765 833 gignit
2816 735 3208 836 omniaque
3257 734 3459 808 bona
3508 757 3639 836 pa-

675 941 687 958 ,
777 887 918 964 rat,
985 869 1186 945 stulti
1235 883 1405 969 post
1463 882 1756 969 ponunt
1806 881 1883 941 et
1930 865 2271 942 hebetata
2320 883 2568 941 mente
2620 868 2883 941 frustra
2935 870 3384 942 insectantur
3430 893 3639 970 prae-

603 1419 728 1496 65.

779 1008 954 1080 mia:
1007 1003 1088 1077 hi
1138 1005 1228 1077 ab
1279 1001 1558 1076 Amore
1607 1005 2016 1104 puniuntur
2063 1005 2221 1076 sine
2272 1000 2800 1095 misericordia3
2857 1001 2981 1075 alii
3034 1006 3232 1075 enim
3282 999 3463 1075 nudi
3513 1026 3642 1075 co-

783 1156 1068 1245 guntur
1112 1134 1480 1230 incedere,
1546 1141 1744 1212 tonsi
1808 1153 1883 1213 et
1948 1141 2140 1212 inter
2204 1142 2533 1241 quinque
2596 1141 2798 1240 ignes
2864 1136 3227 1231 sedentes,
3302 1136 3427 1211 alii
3474 1162 3643 1241 per·

781 1278 1016 1386 plexis
1067 1278 1389 1353 crinibus
1439 1278 1588 1352 sive
1632 1278 1967 1376 ⁸cranium
2017 1302 2241 1352 manu
2291 1291 2622 1352 tenentes
2674 1275 3077 1351 ambulant.

783 1415 1284 1509 Visvamitrus,
1337 1413 1723 1490 Parasarus
1785 1413 2083 1515 aliique,
2154 1418 2283 1517 qui
2331 1432 2584 1510 vento,
2644 1441 2831 1518 aqua
2884 1431 2957 1490 et
3006 1413 3204 1489 foliis
3254 1413 3643 1491 vesceban-

783 1532 932 1647 tur,
1000 1551 1083 1627 hi
1131 1555 1299 1655 ipsi,
1368 1550 1667 1626 simulac
1716 1548 2107 1626 iucundam
2159 1551 2481 1627 mulieris
2534 1551 2745 1627 faciei
2795 1552 3281 1657 nymphaeam
3334 1576 3641 1655 conspe-

684 1760 688 1764 Α
739 1748 744 1761 .
785 1702 1067 1790 xerant,
1120 1687 1452 1760 infatuati
1484 1700 1676 1760 sunt:
1736 1684 2001 1787 quodsi
2034 1660 2251 1786 igitur
2281 1685 2442 1759 fieri
2474 1703 2726 1787 posset
2768 1703 2854 1760 ut
2898 1712 3150 1760 sensus
3187 1702 3639 1776 coercerent,

602 2361 728 2436 66.

468 3118 535 3139 ,,
608 3039 734 3114 67.

608 3711 734 3787 68.

609 4250 735 4326 69.

788 1817 1126 1893 homines
1183 1822 1327 1919 {qui
1404 1842 1662 1918 oryzae
1725 1818 1934 1908 cibo,
2005 1845 2175 1889 cum
2237 1818 2545 1918 butyro,
2614 1818 2805 1892 lacte
2870 1833 2942 1892 et
3000 1842 3167 1890 sero
3243 1822 3638 1918 permixt0,

788 1949 1156 2026 fruunturz
1213 1975 1384 2023 sane
1434 1974 1646 2023 mons
1696 1947 2071 2052 Vindhyas
2123 1973 2478 2022 oceanum
2528 1953 2778 2051 potius
2826 1965 3330 2025 transnataret.

1523 2246 1615 2296 DE
1667 2245 2102 2295 mmmmm
2155 2203 2716 2310 aanruouanms.

781 2358 873 2433 In
903 2354 1183 2433 mundo
1216 2355 1364 2430 hoc
1396 2357 1776 2429 immundo
1815 2354 2195 2459 quomod-o
2229 2356 2567 2453 homines
2602 2372 2848 2450 mente
2880 2359 3406 2459 puri-‘animum
3445 2353 3651 2427 indu·
3697 2420 3707 2431 .

785 2506 1048 2595 cerent„
1065 2508 1159 2592 ut
1181 2493 1382 2597 omni
1417 2487 1659 2565 studio
1697 2506 1770 2565 et
1802 2491 2087 2588 abiecta
2119 2490 2657 2608 {i'rmitate'ante
2690 2490 2873 2600 vilis
2890 2488 3283 2595 cuiusdam
3287 2491 3675 2593 principis„

780 2597 1318 2741 portas-‚palatii
1350 2629 1721 2737 servitium
1767 2643 2337 2745 aucuparentur,
2388 2630 2528 2701 nisi
2577 2626 2746 2701 illae
2783 2642 3023 2702 essent
3071 2630 3380 2728 virgines
3423 2623 3647 2699 lotio·

787 2764 1022 2861 culae,
1075 2765 1525 2841 uberrimum
1557 2763 1822 2870 plenae
1854 2763 2073 2841 lunae
2106 2762 2579 2871 splendorem
2612 2763 2956 2859 ferentes,
3008 2762 3304 2868 cingulo
3340 2777 3647 2840 sonante

794 2920 1117 2997 ornatae,
1174 2930 1483 3006 quarum
1525 2920 1792 2978 statura
1843 2929 2316 2978 mammarum
2365 2901 2700 3007 pondere
2747 2902 3160 3007 paullulum
3205 2902 3534 2980 vacillat?

785 3037 880 3114 In
930 3038 1294 3140 spelunca
1356 3064 1399 3110 a
1459 3041 1721 3110 sanctis
1782 3037 2130 3130 habitata,
2201 3039 2337 3111 sub
2401 3040 2667 3112 arbore
2731 3063 2820 3111 ex
2876 3037 3187 3111 humero
3248 3038 3439 3110 tauri
3493 3033 3645 3109 Sivi

787 3186 1168 3274 prognata,
1223 3175 1303 3243 in
1334 3169 1756 3279 Himalayae
1790 3174 2113 3273 rupium,
2171 3196 2212 3243 a
2247 3169 2500 3272 Ganga
2534 3177 3056 3262 concusarum,’
3097 3168 3481 3271 superficie
3513 3170 3646 3242 ubi

787 3306 979 3379 salus
1038 3322 1390 3397 versatur,
1460 3309 1623 3407 quis
1689 3304 1919 3379 homo
1982 3290 2271 3407 sapiens
2333 3309 2597 3409 capite,
2666 3331 2804 3408 per
2876 3304 3425 3379 inclinationem
3487 3328 3643 3378 sor-

788 3437 994 3533 dido,
1061 3440 1341 3514 cultum
1399 3456 1803 3543 praestaret
1848 3444 1989 3515 nisi
2038 3467 2195 3515 non
2246 3458 2488 3517 essent
2536 3440 2905 3534 mulieres,
2975 3439 3270 3515 Amoris
3321 3438 3484 3515 telis
3536 3454 3642 3513 at·

788 3601 933 3680 que
983 3576 1484 3653 immobilibus
1531 3575 1868 3653 hinnulei
1917 3575 2107 3681 pulli
2160 3577 2391 3652 oculis
2441 3575 2852 3680 praeditae?

792 3709 863 3787 O
916 3708 1215 3785 munde!
1288 3714 1401 3786 via
1464 3727 1590 3785 tua
1656 3713 1936 3810 (nobis)
2001 3709 2594 3812 transgredienda
2654 3738 2810 3786 non
2867 3727 3017 3785 tam
3081 3727 3267 3785 esset
3326 3728 3636 3803 remota,

788 3846 927 3917 nisi
989 3842 1161 3917 heu!
1233 3847 1312 3917 in
1376 3841 1622 3917 medio
1687 3859 1928 3919 essent
1993 3846 2212 3918 ebriis
2266 3846 2496 3920 oculis
2556 3846 2882 3947 puellae,
2954 3843 3254 3918 difficile
3305 3868 3641 3945 praegre-

790 3974 1124 4053 diendae.

1828 4142 1918 4191 nn
1973 4142 2409 4193 mmm-m.

791 4246 862 4328 O
922 4274 1079 4344 rex,
1151 4278 1304 4327 non
1369 4252 1580 4328 facile
1641 4252 1903 4357 aliquis
1963 4258 2043 4328 in
2101 4252 2251 4330 boc
2309 4250 2588 4328 mundo
2655 4250 3182 4329 desideriorum
3236 4254 3492 4328 oceani
3540 4253 3638 4326 ri·

789 4411 961 4487 pam
1009 4389 1316 4488 attingit:
1384 4386 1559 4488 quid
1612 4386 1906 4462 tandem
1959 4392 2263 4463 eximiae
2313 4405 2625 4489 prosunt
2676 4415 2883 4490 opes,
2956 4385 3252 4488 quando
3305 4386 3641 4463 iuvenilis

793 4517 1054 4611 forma,
1111 4524 1416 4593 maxime
1465 4518 1820 4612 adamata,
1883 4525 2180 4623 corpori
2234 4537 2363 4596 tuo
2416 4522 2744 4597 evanuit?
2794 4520 3112 4595 Tamdiu
3162 4523 3376 4622 igitur
3423 4516 3638 4593 adea·-

628 4717 635 4724 .
712 4716 716 4720 .
790 4679 951 4727 mus
1012 4650 1461 4729 domicilium
1526 4653 1980 4749 dilectarum,
2054 4682 2243 4758 quae
2306 4657 2563 4748 oculis,
2635 4659 2963 4760 expansis
3024 4655 3194 4729 lotis
3245 4654 3632 4746 similibus,

792 4785 1225 4888 adspiciunt,
1295 4784 1532 4863 donec
1580 4813 1714 4891 per
1763 4807 2239 4884 senectutem,
2307 4790 2686 4894 paullatim
2746 4793 3467 4895 appropinquantem
3515 4815 3634 4863 su·

778 4919 940 4994 bito
990 4922 1392 5023 abripiatur
1437 4921 1696 4997 forma.
