4126 5595
566 576 651 635 v1
1013 536 1019 541 ’
1839 563 2346 631 ΡιιΑΕιἋΤιο.

811 752 1220 853 ,Constans
1286 766 1515 827 exstat
1573 748 1931 825 Indorum
1994 751 2211 844 sama,
2287 776 2473 855 quae
2524 734 2862 850 ῃῂεῃ-[β-,ῐ
2913 757 3062 833 sive
3112 760 3495 835 Cenem-ias
3548 778 3626 835 ιιι

574 908 956 987 vocantur,
1027 888 1119 964 ad
1180 887 1731 981 Bhartriharim,
1803 888 2029 962 refert
2089 891 2278 990 regis
2342 886 2868 995 Vikramadityi
2931 893 3255 988 fratrem,
3327 901 3455 998 qui
3518 923 3628 972 se-

579 1030 752 1105 culo
806 1044 973 1101 ante
1012 1025 1385 1101 Christum
1433 1041 1686 1097 natum
1736 1027 1978 1124 primo
2030 1022 2281 1098 ssoruit
2316 1040 2389 1097 et
2439 1040 2817 1100 tractatum
2868 1055 3168 1129 quoque
3221 1036 3629 1131 grammati-

576 1191 746 1239 cum
795 1165 1158 1263 scripsisse
1192 1174 1517 1260 putatur,
1578 1182 1731 1257 quo
1784 1155 1879 1229 de
1931 1162 2283 1257 temporis
2334 1177 2712 1233 momento
2764 1162 2967 1234 nulla
3019 1189 3189 1236 sane
3243 1162 3625 1237 dubitandi

578 1324 788 1375 causa
845 1294 1050 1371 adest
1100 1293 1392 1367 idonea.
1500 1294 1795 1365 Etenim
1846 1292 2162 1365 citantur
2210 1297 2608 1368 sententiae
2661 1322 2815 1368 non
2867 1295 3092 1371 modo
3147 1302 3222 1371 in
3278 1302 3629 1400 operibus

580 1435 991 1524 rhetoricis,
1048 1447 1133 1504 ut
1184 1434 1258 1502 in
1311 1429 1929 1527 &ilu’tyadarpano
1981 1422 2108 1523 (de
2164 1451 2315 1527 quo
2370 1444 2598 1503 exstat
2640 1428 2900 1505 Codex
2949 1458 3144 1505 anno
3207 1436 3396 1508 1027
3453 1462 3627 1508 con-

450 1618 455 1623 ·
579 1573 918 1670 scriptus;
972 1564 1119 1641 vid.
1156 1566 1481 1660 Sclelegel
1524 1562 1911 1635 reflexions
1962 1588 2087 1635 sur
2135 1561 2242 1635 les
2293 1562 2588 1664 langues
2638 1564 2863 1639 Asiat.
2899 1572 3194 1667 p.111.)
3249 1586 3326 1643 et
3377 1574 3451 1643 in
3506 1598 3624 1663 eo,

556 1700 785 1802 'quod
839 1702 1204 1799 antiquius
1259 1714 1392 1788 est,
1449 1698 2019 1796 Kcivyapmkdso
2072 1700 2372 1798 scripte,
2431 1696 2558 1769 sed
2613 1702 2830 1770 etiam
2867 1703 2942 1771 in
2980 1698 3387 1775 dramaticis
3423 1707 3629 1779 Blau-

582 1835 900 1909 vabhtitis
952 1856 1041 1906 ex
1092 1830 1341 1905 seculo
1408 1845 1695 1921 octavo,
1769 1832 1848 1903 in
1910 1831 2351 1930 Hitolmdeso
2413 1854 2502 1904 ex
2562 1835 2817 1931 primis
2877 1848 3052 1934 post
3115 1833 3298 1910 Chr.
3370 1838 3631 1911 seculis

579 1987 657 2047 ct
704 1974 783 2044 in
832 1972 989 2072 ipsa
1037 1967 1395 2058 Kalidasi,
1462 1983 1728 2069 poetae
1780 1969 2011 2039 nostri
2062 1966 2385 2067 aequalis
2439 1964 2831 2043 Sakuntala
2885 1966 3062 2067 (vid.
3116 1969 3206 2045 ad
3259 1970 3416 2047 Nit.
3463 1975 3623 2071 62).

581 2105 873 2202 Quodsi
921 2123 1169 2181 tamen
1221 2102 1525 2177 disticha
1577 2100 2034 2192 Satacorum,
2096 2128 2282 2201 quae
2334 2130 2580 2203 sparsa
2632 2105 2776 2181 huc
2828 2107 3003 2182 illuc
3057 2107 3249 2211 apud
3307 2109 3632 2187 diversos

575 2248 950 2347 leguntur,
1031 2269 1122 2319 ex
1187 2241 1334 2316 alio
1397 2236 1721 2342 quodam
1784 2238 1991 2313 sonte
2057 2236 2379 2315 derivata
2439 2238 2560 2315 vel
2627 2247 2843 2318 etiam
2906 2272 3040 2345 per
3113 2253 3632 2324 sententiarum

575 2381 1057 2457 collectorem
1109 2404 1199 2452 ex
1251 2379 1597 2478 operibus
1651 2378 1803 2449 istis
1857 2372 2237 2475 desumpta
2277 2391 2350 2449 et
2383 2375 2834 2450 Bhartrihari
2879 2381 3150 2452 tributa
3183 2400 3422 2483 putes,
3479 2412 3636 2458 non

577 2513 925 2619 equidem
984 2517 1293 2605 renitor,
1360 2509 1486 2585 sed
1552 2513 1744 2611 ipsas
1778 2513 2114 2595 ¹maxima
2181 2509 2436 2583 saltem
2499 2537 2586 2585 ex
2637 2528 2844 2613 parte
2897 2519 3290 2589 sententias
3344 2522 3634 2616 quomi-

577 2677 715 2727 nus
765 2650 1210 2724 recentiorcs
1261 2647 1684 2736 habeamus,
1745 2645 1989 2717 obstat
2041 2642 2439 2718 earundem
2490 2650 2800 2747 ingenua
2844 2664 2918 2720 et
2950 2646 3145 2722 haud
3187 2649 3426 2723 fucata
3462 2655 3632 2723 sim·

578 2788 888 2892 plicitas,
960 2811 1177 2888 quae,
1251 2788 1327 2859 in
1379 2780 1695 2857 modulis
1748 2796 1824 2857 et
1872 2779 2232 2885 rhythmis
2284 2783 2600 2875 solu-ior,
2657 2788 3030 2885 paroemia
3082 2802 3157 2860 et
3208 2785 3632 2862 alliteratio-

578 2949 732 3013 nes,
809 2924 1077 3024 quibus
1144 2924 1376 2994 serior
1440 2935 1633 2993 aetas
1700 2915 2132 3009 delectatur,
2192 2921 2547 2991 rarissime
2601 2936 2868 3020 captat,
2945 2947 3134 3020 quae
3185 2922 3492 2995 modum
3562 2930 3636 2998 in

575 3056 952 3129 vocabulis
1019 3051 1551 3154 componendis
1603 3066 1679 3122 ct
1729 3053 1807 3121 in
1860 3049 2394 3150 sesquipedalia
2444 3053 2667 3125 verba
2723 3052 3154 3126 diducendis
3200 3081 3354 3127 non
3405 3072 3636 3128 trans-

576 3186 903 3290 greditur
966 3204 1041 3261 et
1105 3213 1293 3287 quae
1357 3191 1432 3258 in
1494 3188 1915 3258 universum
1966 3184 2248 3274 colore,
2304 3186 2738 3284 imaginibus
2792 3201 2865 3259 et
2918 3191 3142 3260 totius
3194 3188 3482 3289 linguae
3517 3215 3632 3263 ra-

576 3328 778 3399 tione
832 3320 922 3396 ad
976 3321 1303 3396 Kalidasi
1354 3345 1769 3394 sermonem
1823 3335 1899 3394 et
1948 3335 2258 3392 aetatem
2309 3324 2643 3421 proxime
2691 3318 2996 3396 accedit.
3087 3321 3404 3423 Reliqua
3443 3349 3634 3426 quae

577 3459 670 3537 de
722 3460 1190 3536 Bhartrihare
1244 3456 1630 3534 traduntur
1673 3461 1920 3530 inanes
1956 3455 2248 3529 fabulae
2283 3471 2476 3547 sunt,
2539 3483 2716 3557 quas
2751 3460 2824 3530 in
2865 3474 3280 3534 transcursu
3317 3464 3631 3562 tetigisse

580 3598 919 3675 sufficiat.
1024 3597 1345 3697 Fingunt
1410 3597 1607 3668 enim
1658 3591 2113 3684 Vikramum,
2183 3596 2374 3667 inter
2438 3596 2766 3696 quinque
2830 3594 3084 3670 fratres
3135 3600 3524 3690 minorem,
3593 3625 3634 3671 a

585 3749 790 3835 patre
842 3729 1496 3821 GandharvasenO,
1556 3732 1683 3829 qui
1736 3732 1814 3802 in
1862 3728 2148 3802 Malvae
2200 3731 2382 3801 urbe
2435 3729 2944 3830 Dharanagara
2999 3731 3454 3806 domicilium
3505 3735 3632 3806 ha-

582 3869 770 3960 buit,
841 3869 1227 3969 imperium
1278 3868 1639 3967 accepisse
1691 3861 1819 3939 sed
1881 3867 2146 3965 ipsum,
2219 3864 2730 3966 peregrinandi
2783 3865 3132 3968 cupidum
3184 3868 3638 3941 Bhartrihari

586 4006 1106 4106 impertivisse3
1172 4003 1368 4076 hunc
1431 4017 1671 4074 autem
1734 4004 1980 4074 uxoris
2046 3999 2352 4102 perfidia
2422 4018 2494 4073 et
2557 3999 2961 4090 adulteri0,
3039 4025 3226 4099 quae
3299 3975 3636 4078 adultero

585 4166 891 4244 pomum
942 4136 1145 4241 quod
1202 4138 1819 4213 immortalitatem
1872 4139 2260 4242 praeberet
2313 4133 2641 4226 dederat,
2701 4151 3178 4225 commotum,
3235 4137 3456 4210 vitam
3509 4163 3634 4211 au-

586 4293 851 4351 steram
900 4278 1143 4349 iniisse
1196 4291 1270 4348 et
1307 4275 1578 4347 librum
1615 4271 1707 4349 de
1744 4273 2139 4349 devotione
2175 4275 2713 4372 composuisse:
2776 4270 2978 4372 quod
3015 4270 3355 4346 ultimum
3390 4293 3641 4376 aperte

588 4411 939 4508 expiscati·
998 4423 1168 4480 sunt
1230 4431 1321 4480 ex
1385 4406 1711 4480 secundo
1776 4409 1949 4481 libri
1998 4407 2159 4479 Niti
2225 4431 2465 4496 versu,
2533 4406 2664 4476 ubi
2731 4404 2824 4477 de
2889 4405 3276 4480 mulierum
3333 4409 3644 4508 perfidia

554 4511 923 4642 ¹queritur
984 4554 1233 4639 poeta.
1338 4537 1767 4631 Narrautur,
1840 4565 2028 4640 quae
2097 4535 2322 4610 modo
2390 4537 2728 4630 diximus,
2799 4542 2872 4611 in
2939 4539 3350 4613 fabularum
3412 4544 3638 4617 colle·

586 4678 833 4748 ctione
882 4671 1108 4772 vulgo
1158 4673 1667 4769 Beitalpachisi
1710 4673 1787 4746 lr.
1812 4699 1879 4745 c.
1932 4673 2568 4766 ὲῇγῇαξῇῄῃῆγ
2604 4677 3036 4746 narrationes
3067 4675 3160 4744 de
3190 4680 3640 4778 vigintiquin-

584 4833 729 4909 que
800 4807 1259 4880 daemonibus
1340 4803 1569 4896 dicta,
1654 4833 1695 4880 a
1760 4805 2110 4882 Sivadaiso
2179 4810 2584 4908 composita
2653 4807 2821 4905 (cfr.
2877 4807 3106 4881 Asiat.
3163 4809 3476 4884 Journal
3535 4812 3634 4886 11.

590 4941 887 5040 p.2⁷.),
964 4943 1231 5044 quibus
1295 4945 1718 5044 conspirant
1780 4943 1933 5017 sere
2002 4970 2188 5044 quae
2242 4943 2650 5020 Scholiasta
2703 4947 2776 5018 in
2831 4948 3067 5047 capite
3119 4945 3422 5020 secundi
3475 4947 3644 5020 libri
