4126 5595
1819 553 2328 617 PRAEFATIO.
3487 560 3606 622 v11

524 742 873 844 protulit·
946 736 2102 850 uwffiffiwffltrwffiu
2166 725 3277 845 τι-ᾱῗᾶῖὲἦῐὴῖᾶπδιππαζῆ
3346 769 3361 823 ι
3429 769 3600 836 uta

526 868 3598 1041 πῖᾱῐὲαηῆῆῐῇπηῗῗέῐῖῗῇτπῆτηᾶῆῐπῖῠῒᾞῐῗέῆῆᾏῐῑῦῗὲῐῐῑᾶῐῇῆπῆῇ

528 1314 758 1361 unum
821 1304 1104 1360 tantum
1141 1287 1392 1375 adde,
1463 1313 1771 1385 pomum
1834 1283 2019 1356 1llud
2090 1282 2354 1355 eodem
2414 1280 2644 1356 modo
2705 1281 2954 1356 induci
3016 1282 3426 1360 discordiae
3478 1290 3587 1362 in-

531 1436 1040 1508 strumentum,
1104 1446 1326 1521 qucm
1381 1418 1471 1490 ad
1513 1418 1817 1490 modum
1852 1415 2038 1489 illud
2075 1421 2153 1488 in
2187 1415 2391 1489 mille
2426 1431 2500 1491 et
2532 1442 2677 1489 una
2712 1418 3055 1490 noctibus
3088 1422 3589 1512 notissimum·,

532 1571 860 1630 ceterum
921 1581 1099 1631 vcro
1164 1559 1242 1628 in
1304 1580 1544 1645 versu,
1617 1551 1707 1626 ad
1774 1578 1998 1655 quem
2062 1549 2576 1627 illustrandum
2627 1552 2812 1627 haec
2856 1552 3098 1628 attulit
3149 1552 3587 1650 Scholiasta,

534 1691 723 1766 nihil
787 1695 1090 1765 omnino
1155 1691 1381 1766 latere
1445 1706 1630 1793 puto
1688 1688 1892 1793 quod
1945 1687 2038 1764 ad
2090 1687 2622 1764 Bhartriharim
2671 1693 3074 1764 necessarie
3124 1689 3593 1766 referendum

533 1831 650 1919 sit,
711 1853 933 1929 quare
988 1831 1316 1903 assentiri
1365 1855 1519 1903 non
1571 1855 1874 1931 possum
1925 1825 2440 1903 Colebrookio
2490 1830 2653 1904 viro
2703 1827 3104 1902 clarissimo
3159 1829 3595 1903 existimanti

531 1961 976 2058 (Introduct.
1037 1963 1360 2038 remarks
1412 1992 1676 2066 p.xm.
1734 1968 1814 2037 in
1860 1963 2212 2037 Editione
2246 1962 2539 2038 Bhartr.
2582 1962 2843 2063 Srir.):
2903 1979 3279 2037 auctorem
3330 1967 3409 2036 in
3459 1953 3593 2037 illo

530 2097 787 2172 saltem
837 2124 1050 2175 versu
1103 2098 1196 2172 ad
1229 2103 1453 2177 vitam
1504 2127 1709 2173 suam
1759 2101 2189 2199 respexisse.
2269 2097 2631 2198 Rogerius
2684 2096 3003 2199 denique
3058 2124 3147 2173 ex
3195 2114 3440 2174 mente
3481 2123 3593 2173 sa·

532 2224 915 2312 cerdotum
976 2235 1507 2312 Bhartriharim
1567 2233 1963 2310 Braihmani
2024 2231 2432 2328 cuiusdam,
2503 2234 3070 2337 Sandmgonpeti
3112 2239 3403 2338 Naraja
3453 2259 3592 2311 no·

534 2377 784 2449 minati
845 2374 1081 2449 filium
1132 2375 1350 2450 fuisse
1401 2374 1770 2478 perhibet,
1838 2373 1985 2448 hoc
2048 2389 2188 2466 est,
2252 2376 2391 2446 nisi
2445 2376 2692 2448 omnia
2744 2399 2863 2448 mc
2916 2373 3205 2469 fallunt,
3274 2372 3591 2451 Sandra-

532 2514 713 2585 cotti
777 2514 964 2612 regis
1033 2511 1413 2620 (W
1459 2515 1723 2624 ῑῑῃῑη)
1772 2511 2260 2603 celeberrimi,
2329 2536 2553 2613 quem
2603 2508 3061 2585 sacerdotem
3111 2511 3333 2586 fuisse
3383 2513 3595 2588 scioli

529 2648 838 2718 seriores
900 2645 1469 2719 hallucinantur.
1579 2647 1799 2719 Hunc
1858 2661 2176 2747 pergunt
2242 2661 2562 2746 quatuor
2620 2669 2889 2719 uxores
2953 2643 3281 2720 duxisse:
3365 2645 3595 2720 filiam

529 2776 920 2850 Braihmani
973 2805 1062 2852 ex
1115 2806 1259 2878 qua
1319 2783 1406 2855 V
1397 2781 1799 2851 amr-uclzim
1851 2779 2168 2868 sustulit,
2230 2804 2319 2851 ex
2368 2778 2521 2850 filia
2571 2777 2948 2879 Kshatriyi
3003 2779 3587 2872 Wkramdrkum

531 2938 619 2986 ex
663 2912 815 2987 filia
848 2911 1098 3015 Vaisyi
1127 2916 1398 2989 Bauim
1450 2929 1673 3015 atque
1725 2940 1815 2988 ex
1850 2909 2091 2987 sadra
2143 2910 2465 3015 denique
2515 2936 2749 2987 uxore
2782 2913 3339 2989 Bhartriharim.
3433 2913 3591 2988 Ho-

528 3077 692 3124 rum
741 3053 1020 3153 primus
1053 3048 1490 3125 Vararuchis
1541 3053 2136 3155 sapientissimus,
2194 3067 2277 3125 ut
2310 3050 2600 3143 volunt,
2655 3047 3036 3125 Vedorum
3067 3057 3354 3155 partem
3388 3075 3588 3127 com-

529 3192 886 3263 mentario
941 3187 1318 3291 amplexus
1370 3205 1479 3263 est
1529 3205 1604 3263 et
1651 3189 1926 3263 librum
1978 3191 2398 3290 composuit
2449 3187 2809 3262 ethicum:
2868 3192 3088 3291 igitur
3134 3188 3403 3293 procul
3455 3185 3589 3263 du-

531 3326 661 3397 bio
726 3323 922 3397 idem
989 3341 1098 3398 cst
1166 3351 1388 3424 quem
1453 3329 1989 3426 grammaticam
2038 3323 2450 3397 Prfikritam
2501 3328 3004 3426 composuisse
3056 3340 3364 3400 constat.
3456 3323 3586 3400 Vi-

530 3457 1061 3559 kramaeidityum
1119 3484 1350 3557 porro
1419 3484 1722 3559 regnum
1786 3461 2188 3560 suscepisse
2255 3475 2331 3531 ct
2378 3458 2647 3530 Battim
2714 3461 2855 3532 sibi
2906 3457 3312 3534 adiunxisse
3369 3462 3584 3533 mini·

525 3608 757 3668 strum
789 3590 1116 3687 tradunt3
1174 3590 1300 3667 sed
1355 3596 1431 3667 in
1483 3592 1631 3667 hoc
1682 3591 1928 3668 denuo
1983 3618 2224 3667 errare
2263 3589 2612 3667 videntur
2645 3608 2720 3668 ct
2751 3618 3104 3696 personas
3141 3611 3216 3669 et
3249 3610 3586 3699 tempora

527 3728 1099 3806 confundentes:
1178 3747 1408 3806 exstat
1457 3735 1654 3805 enim
1708 3730 1911 3834 quod
1964 3728 2522 3833 Bhattikavyam
2571 3747 2841 3805 vocant
2889 3756 3183 3806 carmen
3233 3757 3586 3834 gramma·

527 3871 780 3958 ticum,
837 3867 1050 3941 Rami
1101 3894 1215 3942 res
1267 3883 1497 3969 gestas
1549 3868 1767 3941 simul
1820 3894 2225 3970 exponenS,
2286 3864 2491 3969 quod
2525 3857 2978 3941 BhartriBari
3025 3865 3317 3941 cuidam
3350 3894 3585 3970 gram·

527 4004 798 4073 matico
850 4017 1085 4074 aetate
1132 4007 1528 4102 posteriori
1576 4006 1925 4078 tribuitur
1972 4005 2232 4101 (Asiat.
2289 4000 2687 4077 Research.
2718 4002 2820 4075 X.
2862 4031 2941 4104 p.
2967 4006 3182 4101 436.)
3236 4018 3457 4103 atque
3493 4026 3582 4077 ex

528 4134 742 4207 huius
820 4137 1158 4206 carminis
1236 4141 1536 4210 nomine
1607 4138 1905 4212 fratrem
1966 4135 2454 4211 Bhartriharis
2528 4141 2759 4210 nostri
2828 4135 3183 4211 divinasse
3247 4139 3581 4210 existimo

528 4269 823 4344 Battim.
925 4268 1047 4343 Dc
1098 4273 1587 4345 centuriarum
1640 4268 1963 4375 denique
2014 4289 2312 4347 auctore
2366 4268 2622 4348 cadem
2671 4271 2827 4346 scre
2881 4294 3067 4373 quac
3117 4296 3338 4374 supra
3391 4285 3579 4344 attu-

526 4409 770 4501 limus,
823 4405 1386 4483 Padmanabhus
1437 4407 1632 4514 apud
1672 4409 2076 4512 Rogerium
2127 4409 2529 4485 fabulatur:
2612 4435 2781 4483 eum
2829 4407 3333 4510 voluptatibus
3385 4432 3577 4482 sum·

526 4570 830 4648 mopere
891 4544 1111 4651 fuisse
1165 4544 1495 4620 deditum
1546 4564 1621 4622 et
1668 4546 1860 4621 ultra
1910 4564 2268 4622 trecentas
2319 4571 2584 4621 uxores
2635 4544 2947 4618 duxisse.
3054 4541 3276 4616 Pater
3324 4544 3570 4643 igitur,

529 4684 672 4754 iam
733 4684 813 4753 in
868 4680 1106 4755 filium
1164 4687 1554 4778 minorem,
1625 4710 1713 4759 ex
1766 4688 2007 4787 quarti
2059 4681 2337 4757 ordinis
2386 4707 2615 4756 uxore
2664 4694 2943 4769 natum,
3012 4680 3320 4752 nimium
3372 4702 3571 4753 seve·

530 4842 680 4908 rus,
746 4818 968 4891 vitam
1031 4819 1185 4893 eius
1250 4818 1678 4895 dissolutam
1728 4822 2216 4922 reprobravit‚
2287 4843 2437 4921 quo
2490 4816 2685 4891 sacto
2736 4812 3249 4907 Bhartriharis,
3320 4814 3569 4887 uxori·

526 4953 666 5028 bus
712 4950 1138 5057 repudiatis,
1204 4958 1596 5032 sententias
1645 4973 1927 5032 nostras
1975 4983 2131 5031 non
2184 4956 2597 5058 composuit
2651 4949 2952 5055 quidem
3001 4948 3129 5025 sed
3185 4932 3280 5024 ex'
3322 4947 3569 5024 multis
