4126 5595
517 505 688 599 218
1002 524 1088 585 ιΝ
1144 519 1782 585 ΒιιΛῑιΤιωιΑιιιε
1841 518 2325 581 clm-rmus
2385 519 3097 589 comumnmns,

542 2035 628 2094 19.

543 2389 631 2441 20.

554 4279 640 4329 2¹.

658 721 898 806 poetico
936 732 1071 785 sunt
1096 720 1454 799 desumptaez
1486 704 1599 780 εὖτ
1635 730 1748 780 aa:
1788 726 1876 776 est
1910 714 2183 777 materies
2221 714 2294 776 de
2331 735 2443 795 qua
2478 715 2689 801 agitur,
2720 732 2953 797 W:
2991 717 3225 803 linguae
3261 720 3579 800 barbaries,

661 858 783 908 mn
822 861 1120 904 consessus
1157 839 1507 913 auditorum,
1551 852 1637 913 ῑῐζ
1675 855 1780 918 pes
1819 855 2040 913 versus,
2087 850 2426 925 aversus
2466 856 2827 917 componere
2868 849 2929 898 et
2963 837 3046 899 sic
3072 859 3285 920 porro;
3317 850 3376 901 at
3402 861 3580 921 quum

663 959 882 1024 scholia
919 959 1104 1019 adsint
1139 956 1318 1033 nulla,
1352 953 1663 1016 ohscurior
1703 965 1791 1014 est
1829 953 2153 1015 sententiae
2190 955 2346 1030 ratio,
2381 975 2530 1035 qnae
2560 955 2702 1016 mihi
2728 956 2963 1036 quidem
3004 957 3147 1018 haee
3173 957 3407 1019 videtur
3432 977 3584 1019 esse:

665 1075 1144 1158 quemadmodum
1170 1086 1365 1155 poeta,
1401 1092 1521 1152 qno
1549 1071 1729 1154 magis
1757 1071 1879 1153 ipse
1905 1072 2119 1133 amoris
2146 1071 2439 1133 cruciatur
2466 1072 2640 1150 curis,
2675 1074 2843 1135 novis
2869 1072 3170 1135 coloribus
3196 1093 3456 1136 amorem
3481 1073 3584 1134 de-

665 1195 854 1278 pingit
890 1205 949 1254 et
987 1191 1410 1274 elegantiorem
1447 1201 1637 1271 captat
1672 1209 2027 1267 sermonem,
2062 1189 2140 1250 ita
2181 1188 2385 1268 homo,
2420 1191 2723 1253 mundanis
2752 1191 2927 1253 rebus
2954 1191 3213 1254 irretitus
3237 1191 3585 1254 sollicitato-

667 1334 794 1375 rem
829 1330 1006 1396 agere
1041 1311 1193 1373 solet
1230 1321 1290 1371 et
1327 1307 1499 1371 honis
1525 1327 1651 1370 sese
1680 1306 2003 1370 obtrudere
2027 1319 2097 1370 ut
2122 1328 2329 1370 eornm
2354 1330 2590 1391 quoqne
2613 1311 2837 1373 animos
2862 1324 3212 1393 corrumpat.
3288 1309 3471 1372 Multa
3499 1307 3589 1370 sa-

668 1445 820 1511 teor,
856 1431 990 1493 huic
1029 1429 1400 1513 explicationi
1437 1430 1625 1492 inesse
1664 1449 1812 1511 quae
1851 1427 2062 1514 frigida
2100 1427 2429 1508 videantur,
2465 1442 2655 1497 tamen
2684 1454 2816 1494 eum
2842 1453 3013 1496 versu
3051 1431 3317 1515 proxime
3354 1441 3589 1490 antece·

671 1552 847 1615 dente
886 1552 1198 1614 coniuncta
1235 1551 1520 1613 sententia
1558 1549 1712 1612 haud
1752 1572 1993 1633 prorsus
2017 1549 2234 1612 absona
2262 1550 2449 1614 videri
2476 1564 2691 1634 potest,
2726 1553 2786 1614 in
2814 1553 3167 1637 vituperium
3193 1550 3420 1613 scilicet
3442 1568 3590 1632 poe-

667 1684 853 1734 tarum
881 1692 975 1733 res
1001 1671 1265 1754 vulgares
1290 1690 1460 1751 supra
1487 1670 1726 1731 modum
1758 1671 2183 1731 exornantinm.
2260 1667 2434 1760 Ρτζπ.
2465 1671 2729 1733 dedimus
2756 1695 2826 1733 cx
2854 1672 3005 1733 Cocl.
3025 1673 3117 1744 B.;
3150 1670 3409 1731 lectione
3435 1667 3592 1727 Edit.

671 1789 764 1850 Sr.
789 1786 945 1854 81πῇ
968 1787 1218 1867 (Chaur.
1243 1787 1459 1865 vs.42.)
1486 1798 1735 1865 retenta,
1762 1787 2181 1872 corrigendum
2210 1786 2453 1848 fortasse
2480 1787 2594 1849 erit
2616 1805 2738 1879 etr-g
2758 1785 2873 1877 ιπξ·
2894 1778 3027 1879 3313
3050 1795 3247 1862 probis
3270 1792 3592 1846 Ιιοηιίηίὸω

669 1915 833 1967 onera·
847 1915 1040 1983 potius·
1063 1914 1264 1968 evadi?-

671 2025 1022 2088 Lectionum
1057 2024 1301 2088 varietas
1333 2045 1456 2086 non
1481 2022 1677 2108 magui
1705 2035 1793 2086 est
1816 2023 2130 2097 momenti;
2161 2020 2250 2111 *3⁶³
2274 2022 2336 2083 in
2364 2021 2517 2084 Cod.
2533 2023 2605 2084 B.
2633 2042 2743 2104 pro
2764 2037 2853 2114 ga
2877 2021 3059 2083 lectio
3084 2022 3215 2083 satis
3242 2018 3593 2089 tolerabilis;

669 2140 853 2214 u'ffim
889 2145 1042 2228 apud
1083 2144 1355 2221 eundem,
1390 2164 1461 2204 ex
1501 2142 1671 2204 solita
1707 2142 2011 2204 literarum
2048 2159 2115 2207 Gt
2151 2159 2198 2232 ἶ
2238 2153 2299 2202 et
2334 2158 2381 2208 3·
2416 2142 2846 2224 permutatione
2874 2143 3125 2221 (Saha‘ty.
3151 2162 3211 2223 p.
3231 2150 3358 2207 277.
3385 2136 3592 2201 Schol.

671 2269 877 2325 Nolod.
902 2276 959 2341 3,
975 2263 1095 2339 53.)
1123 2274 1376 2323 enatum.
1451 2262 1550 2320 De
1574 2260 1855 2342 phalaena
1879 2261 1997 2320 vid.
2022 2260 2094 2320 ad
2122 2259 2284 2320 Vair.
2310 2273 2461 2321 vs.1.

676 2382 923 2441 venum
963 2348 1391 2453 difficunmuln,
1427 2377 1523 2437 cuz
1559 2388 1862 2457 paneros
1886 2375 2111 2436 scholia
2139 2375 2367 2449 desunt,
2404 2374 2731 2455 receptum,
2764 2395 2834 2434 ex
2860 2375 2987 2434 mu
3014 2374 3191 2450 ιειηο,
3225 2374 3285 2432 fin
3310 2371 3469 2431 Ean.
3496 2371 3593 2428 ει.

674 2516 733 2576 p.
749 2495 861 2567 454
893 2493 956 2554 in
999 2492 1192 2554 Codd.
1231 2491 1502 2554 omnihus
1529 2491 1909 2568 desideratur,
1943 2490 2240 2572 Rogerius
2264 2489 2432 2550 aliam
2456 2490 2802 2552 sententiam
2826 2488 3091 2571 praehet,
3126 2489 3227 2550 sed
3261 2485 3461 2550 similis
3486 2505 3598 2544 no·

677 2623 829 2673 strae
862 2609 1013 2691 apud
1051 2608 1218 2669 illum
1255 2629 1322 2669 ea
1361 2608 1794 2688 quodammodo
1830 2620 1916 2668 est
1951 2628 2100 2686 quae
2133 2608 2260 2668 Niti
2284 2618 2471 2672 vs.87.
2500 2606 2735 2690 legitur.
2812 2606 3145 2668 Memhrnm
3175 2602 3447 2668 versiculi
3472 2602 3596 2682 pri-

678 2750 838 2792 mum
876 2728 1086 2792 citatur
1122 2734 1529 2806 Sdhzyadarp.
1557 2750 1616 2811 p.
1633 2739 1781 2806 235„
1816 2726 1890 2788 ita
1930 2739 2125 2789 tamen
2163 2739 2227 2788 ut
2248 2722 2467 2820 ῑτΐὲῐζῑτῗ
2501 2726 2730 2812 legatur
2762 2725 2901 2790 loco
2927 2721 3171 2818 ἷτῖἶῠξηῒ
3196 2738 3254 2788 et
3278 2724 3389 2786 alia
3414 2719 3596 2784 lectio

684 2863 1069 2935 proponaturz
1099 2846 1236 2917 ffim
1265 2865 1338 2941 ²⁶¹3
1365 2848 1558 2915 wal
1587 2866 1637 2915 tr
1667 2866 1725 2915 ’Β
1753 2843 1970 2939 ῑήῇἶῦῒ
1994 2862 2109 2912 etc.
2136 2849 2480 2913 concinnius
2507 2861 2700 2911 tamen
2726 2862 2813 2912 est
2833 2845 3169 2940 zzz-:Q
3191 2871 3402 2909 oceano
3415 2852 3592 2923 fissa.

686 2969 826 3033 coll.
867 2954 1178 3049 πέλαγος,
1214 2968 1562 3031 vocabulum
1601 2990 1633 3030 a
1670 2969 1935 3030 semitico
1970 2958 2089 3032 :bn
2129 2969 2463 3030 deductum.
2540 2969 2713 3030 Prius
2736 2967 3166 3029 hemistichium
3193 2966 3593 3027 difficultatem

681 3108 801 3148 non
841 3087 1036 3162 hahet,
1072 3087 1213 3146 dicit
1249 3086 1404 3144 enim
1445 3096 1644 3164 poeta:
1677 3085 1862 3144 solem
1899 3085 2239 3145 immensum
2268 3085 2530 3164 quotidie
2558 3085 2712 3145 coeli
2737 3086 2981 3165 spatium
3009 3104 3311 3165 permeare
3338 3081 3598 3164 quamvis

681 3215 858 3276 terra,
892 3201 1036 3260 mari
1076 3201 1343 3260 distincta
1381 3201 1493 3258 iam
1518 3199 1651 3257 satis
1676 3198 1865 3277 ampla
1888 3199 1982 3257 sit.
2059 3200 2194 3257 Boe
2222 3198 2570 3277 exemplum,
2601 3199 2872 3257 similiter
2895 3209 2960 3257 ut
2985 3200 3113 3257 Nm
3141 3212 3232 3274 28,
3264 3197 3601 3258 hominibus

675 3317 976 3401 proponit,
1009 3317 1111 3377 sed
1150 3315 1352 3377 locum
1379 3333 1502 3374 esse
1541 3312 1883 3394 impeditum
1909 3311 2167 3374 lectores
2191 3314 2468 3374 sentiunt.
2546 3313 2695 3391 Nos,
2721 3326 2787 3375 ut
2813 3312 3157 3375 obscuriora
3183 3333 3332 3394 quae
3358 3312 3419 3372 in
3445 3311 3603 3372 libro

676 3435 911 3520 Vairdg.
953 3446 1038 3496 sat
1073 3433 1252 3495 multa
1288 3433 1569 3517 leguntur
1606 3431 1849 3492 disticha
1875 3430 2115 3494 scholiis
2140 3429 2291 3492 haud
2319 3432 2619 3508 instructa,
2652 3432 2724 3493 ad
2753 3432 2999 3495 verbnm
3031 3433 3409 3509 reddidimus,
3439 3446 3601 3495 mm:

676 3577 788 3642 pro
814 3556 1107 3633 vocativo,
1142 3567 1208 3617 ut
1234 3554 1293 3615 in
1323 3553 1484 3637 poesi
1513 3552 1820 3615 dramatica
1844 3552 2167 3616 sexcenties
2193 3551 2429 3638 legitur,
2463 3552 2770 3629 habentes3
2806 3554 2901 3617 cui
2926 3554 3252 3638 appositum
3280 3552 3603 3637 epitheton,

678 3677 836 3759 quod
874 3678 948 3738 de
984 3676 1138 3737 vitae
1176 3674 1424 3756 periodo
1452 3672 1831 3756 intelligimus
1858 3694 1970 3752 qua
1995 3672 2236 3733 rationis
2260 3672 2615 3733 adminiculo
2641 3673 2868 3733 iamiam
2894 3673 2966 3732 ad
2990 3674 3198 3734 altiora
3227 3673 3335 3732 niti
3360 3683 3601 3752 possunt

678 3795 948 3855 homines
975 3804 1035 3853 et
1060 3792 1330 3853 omnibus
1353 3789 1731 3851 terrestribus
1756 3788 2119 3870 posthabitis,
2156 3788 2450 3863 coelestia,
2486 3800 2551 3848 ut
2575 3788 2685 3848 viri
2719 3790 2800 3869 pii
2829 3788 3068 3865 faciunt,
3101 3788 3414 3870 adspirare.
3472 3788 3600 3847 Vo-

681 3910 951 3972 cabulum
988 3896 1145 3975 Ξῖῗπῐ
1180 3909 1332 3968 iuxta
1376 3913 1582 3982 Βακχί
1611 3905 1842 3968 lexicon
1880 3906 2251 3989 bengalicnm
2280 3912 2697 3980 perceptionem
2736 3904 3022 3989 significat
3057 3924 3125 3965 ac
3161 3929 3432 3970 sensum,-
3464 3901 3601 3962 huic

679 4027 1006 4110 proborum
1043 4028 1336 4108 sapienter
1372 4024 1675 4106 conceptis
1709 4024 2181 4109 cogitationibus,
2227 4024 2593 4105 quantumvis
2627 4023 2885 4101 infinitis,
2926 4034 3299 4085 antevertere
3323 4020 3601 4083 dehemus

680 4160 854 4229 atque
882 4145 1078 4209 omnia
1104 4146 1342 4207 vincere
1370 4142 1665 4207 obstacula
1689 4144 1813 4206 sive
1837 4165 2034 4207 sensus
2063 4163 2363 4207 coercere.

687 4267 1025 4350 Sannyasin,
1072 4266 1194 4331 sive
1236 4264 1399 4326 illum
1435 4281 1494 4329 tr:
1534 4259 1784 4329 irrata&
1819 4254 1936 4342 αὖ,
1984 4263 2174 4326 solum
2213 4264 2446 4325 beatum
2481 4262 2795 4347 praedicat,
2830 4282 2950 4323 non
2986 4282 3132 4323 vero
3156 4259 3395 4322 divitem
3424 4259 3598 4321 rebus

686 4386 852 4447 lluxis
889 4386 1322 4446 adhaerentem.
1399 4383 1752 4444 Lectionum
1787 4383 2030 4444 varietas
2067 4381 2227 4444 nulla
2267 4394 2355 4445 est
2388 4396 2449 4446 et
2472 4382 2789 4445 verborum
2816 4380 3179 4466 singulorum
3207 4379 3401 4440 versio
3425 4378 3596 4440 scho-

688 4500 902 4562 liorum
930 4503 1055 4563 sere
1081 4502 1288 4561 nititur
1311 4501 1677 4560 auctoritate.

553 4628 646 4680 22.
692 4617 960 4679 Tertium
985 4618 1244 4699 sequitur
1264 4630 1433 4699 caput
1459 4617 1533 4677 de
1560 4614 1789 4699 egentia
1816 4627 1877 4676 et
1899 4635 2119 4676 summa
2143 4614 2409 4698 penuria,
2429 4614 2590 4677 cuius
2618 4614 2989 4676 incommoda
3014 4632 3188 4673 nemo
3214 4612 3373 4673 serre
3400 4610 3600 4693 possit,

691 4755 871 4815 quare
898 4735 1089 4817 potius
1116 4735 1354 4796 divitum
1381 4734 1835 4797 misericordiam
1862 4746 2230 4796 commoveat
2253 4732 2459 4814 aliquis
2485 4744 2544 4794 et
2576 4733 2783 4814 stipem
2810 4731 3067 4816 colligat,
3101 4728 3466 4812 quantumvis
3493 4728 3601 4787 du-

690 4874 822 4915 rum
848 4853 1020 4915 etiam
1048 4853 1165 4916 hoc
1191 4852 1529 4935 quibusdam
1554 4852 1819 4917 videatur
1843 4852 1952 4931 (ei.
1972 4858 2244 4929 Ha'eopod.
2260 4875 2320 4938 p.
2337 4853 2479 4933 32.).
2501 4885 2583 4903 —
2606 4852 2775 4915 Hanc
2792 4872 2937 4915 vero
2962 4851 3300 4934 pauperiem
3327 4867 3395 4910 ex
3422 4865 3600 4929 opum
