4126 5595
1562 550 1998 614 cssn‘mnm
2053 541 3485 631 TERT1A.121

627 735 844 829 illud,
913 739 992 808 in
1039 752 1112 810 te
1178 737 1339 836 ipso
1399 734 1762 827 habitans,
1833 760 2106 808 numen
2157 724 2359 811 venit
2406 739 2484 810 in
2534 755 2883 832 mentem,
2949 767 3090 844 per
3141 740 3344 845 quod
3397 745 3489 822 ad

624 870 935 946 salutem
988 868 1364 973 pervenis?

1578 1134 1670 1181 1³13
1718 1133 1937 1182 REBUS
1986 1133 2264 1182 Ammon
2273 1135 2357 1183 18.

445 1279 569 1352 72.
630 1277 833 1373 Quid
886 1274 1301 1354 faciendum
1354 1277 1446 1352 de
1498 1279 1704 1352 libris
1756 1283 1971 1352 sacris
2011 1279 2158 1353 late
2193 1277 2601 1380 divulgatis,
2658 1277 2882 1355 Vedis
2915 1284 3285 1378 nimirum,
3341 1284 3487 1362 Le·

626 1415 835 1516 gibus
888 1431 962 1488 et
1009 1414 1471 1490 Puranorum
1521 1414 1987 1506 lectionibus,
2048 1417 2177 1516 qui
2227 1417 2307 1488 in
2354 1411 2673 1517 paradisi
2721 1417 2887 1492 vico
2938 1417 3490 1511 tabernaculum

625 1547 717 1626 ad
770 1548 1246 1628 habitandum
1295 1554 1736 1656 promittunt
1786 1567 1861 1627 et
1906 1576 2131 1655 opera
2169 1549 2559 1656 officiaque
2592 1546 2896 1628 ludunt?
2943 1550 3114 1631 Una
3162 1556 3492 1661 neglecta

626 1693 923 1768 scientia
977 1688 1068 1767 de
1120 1689 1496 1767 domicilio
1549 1693 1628 1764 in
1679 1716 1831 1795 quo
1883 1692 2106 1765 animi
2167 1689 2655 1795 tranquillitas
2707 1711 3242 1791 commoratur,
3301 1723 3491 1801 quae

623 1845 973 1932 tauquam
1032 1829 1206 1903 Kali
1267 1833 1449 1932 ignis
1514 1845 1648 1923 est,
1721 1855 1810 1904 ex
1871 1829 2092 1903 huius
2160 1827 2419 1903 mundi
2479 1829 2839 1905 malorum
2892 1834 3202 1908 caesarie
3254 1837 3489 1910 conti-

621 1991 772 2039 nuo
827 1963 1116 2039 cadens:
1188 1963 1690 2038 distinctiones
1740 1963 1909 2037 illae
1959 1967 2500 2062 negotiatorum
2554 1969 2759 2065 quasi
2809 1991 3086 2040 merces
3136 1984 3331 2042 sunt.

442 2100 564 2172 ⁷3.
627 2095 854 2190 Quod
919 2096 1320 2199 elephanti,
1385 2097 1636 2169 buccis
1702 2099 2047 2195 genisque
2118 2120 2207 2167 ex
2265 2098 2545 2196 urigine
2610 2096 2793 2169 fissis
2858 2122 2942 2170 ac
3005 2096 3494 2172 somnolentia

626 2257 879 2337 segnes
945 2248 1112 2308 ante
1164 2247 1456 2335 portam
1507 2244 1722 2324 stant,
1791 2255 1969 2305 auro
2021 2231 2292 2324 vestiti;
2353 2226 2554 2334 quod
2612 2233 2782 2335 equi
2835 2234 3054 2308 citato
3108 2259 3326 2310 cursu
3374 2234 3486 2309 in-

629 2367 902 2444 cedunt
975 2371 1313 2473 superbi3
1395 2367 1598 2473 quod
1664 2366 1974 2475 cithara,
2050 2369 2256 2461 tibia,
2332 2367 2696 2471 cymbalo,
2764 2372 2940 2445 tuba
2998 2371 3079 2447 'et
3138 2347 3487 2476 tympano

629 2504 1000 2581 dormiens
1060 2511 1475 2582 suscitatur:
1547 2505 1729 2581 haec
1781 2507 2052 2598 omnia,
2122 2502 2328 2579 Indri
2388 2508 2675 2580 tametsi
2724 2532 3045 2612 pompae
3097 2506 3386 2602 similia,
3445 2533 3489 2583 a

629 2645 941 2718 iustitiae
991 2644 1161 2718 Deo
1216 2642 1736 2747 exploduntur.

446 2781 568 2855 74.
628 2778 915 2856 Statura
965 2784 1175 2885 incur
1176 2796 1336 2857 vata
1387 2794 1520 2871 est,
1578 2782 1895 2853 incessus
1943 2777 2290 2854 vacillans
2343 2793 2419 2852 et
2468 2775 2802 2854 diffracta
2856 2775 3188 2852 dentium
3237 2781 3486 2874 series,

623 2919 818 2993 visus
868 2914 1283 3010 hebetatur,
1340 2911 1653 2990 surditas
1704 2930 2008 3017 augetur
2061 2928 2137 2988 et
2185 2912 2432 3016 lingua
2484 2916 2627 2988 iam
2677 2913 3023 3009 balbutit,
3082 2940 3497 2992 sermonem

625 3081 779 3130 non
843 3055 1155 3160 amplius
1221 3054 1596 3130 honorant
1654 3054 1941 3157 cognati
2002 3052 2378 3144 homines,
2446 3078 2690 3156 neque
2750 3078 2939 3127 uxor
3000 3052 3239 3131 audit:
3306 3054 3497 3131 eheu

628 3196 889 3266 misera
939 3192 1258 3267 hominis
1311 3191 1682 3293 decrepita
1733 3191 2094 3264 senectus!
2152 3212 2395 3291 neque
2446 3190 2604 3293 ipse
2653 3188 2847 3264 filius
2900 3189 3011 3263 illi
3044 3193 3313 3264 amicus
3351 3207 3487 3266 est.
3589 3202 3600 3210 “
3663 3229 3670 3236 ·

446 3328 569 3402 76.
631 3327 985 3402 Colorem
1050 3332 1127 3402 in
1194 3332 1430 3429 capite
1498 3324 1887 3400 candidum
1950 3322 2283 3399 videntes
2348 3324 2785 3426 capillorum
2853 3341 2926 3398 et
2990 3322 3492 3400 conditionem

630 3465 953 3535 virorum
1008 3487 1094 3535 ex
1147 3478 1519 3535 senectute
1568 3460 1935 3560 depressa,
1993 3458 2334 3531 mulieres
2370 3456 2588 3558 longe
2623 3459 3026 3558 aufugiunt,
3082 3459 3307 3533 talem
3340 3462 3489 3536 evi-

631 3611 863 3669 tantes
915 3595 1142 3670 veluti
1196 3594 1747 3671 Chaindzilorum
1794 3569 2104 3696 puteum
2153 3593 2230 3666 in
2283 3594 2485 3667 cuius
2532 3591 2744 3667 situla
2782 3619 2864 3667 os
2902 3590 3317 3696 depositum
3350 3610 3485 3669 est.

446 3732 569 3807 76.
628 3729 1002 3825 Quamdiu
1065 3760 1317 3807 sanum
1379 3732 1612 3808 hocce
1676 3757 1946 3833 corpus
2009 3733 2123 3803 sui
2184 3754 2490 3832 compos
2554 3744 2688 3821 est,
2762 3726 3112 3831 quamdiu
3160 3745 3494 3805 senectus

524 3912 528 3918 ·
633 3893 723 3940 ex
783 3867 1190 3967 longinquo
1255 3883 1535 3958 manet,
1609 3864 1969 3967 ‚quamdiu
2032 3890 2377 3937 sensuum
2443 3867 2652 3964 vigor
2714 3866 3062 3955 intactus,
3147 3862 3494 3965 quamdiu

631 4004 780 4074 vita
841 4001 1269 4092 incolumis;
1336 3998 1614 4073 tamdiu
1673 4024 1816 4099 pro
1880 4001 2100 4071 animi
2161 3996 2393 4068 salute
2456 4021 2714 4096 magna
2776 3999 3154 4069 contentio
3219 4012 3327 4070 est
3387 3996 3491 4069 fa-

525 4211 527 4214 ,
634 4129 891 4207 cienda
943 4138 1280 4236 sapienti.
1350 4132 1784 4232 conflagrata
1840 4134 2035 4204 enim
2087 4127 2312 4203 domo
2363 4143 2671 4230 puteum
2705 4127 3036 4203 fodiendi
3065 4127 3284 4202 labor
3315 4124 3496 4229 quid

632 4268 973 4371 prodest?

453 4399 577 4486 77.
638 4404 882 4503 Quam
947 4411 1047 4485 ob
1113 4437 1268 4486 rem
1332 4413 1795 4514 poenitentes
1858 4405 1951 4484 ad
2014 4404 2344 4525 Gangam
2408 4403 2867 4480 habitemus?
2970 4367 3318 4480 Colamus
3376 4398 3499 4478 vel

633 4550 882 4653 potius
946 4549 1286 4626 mulieres
1345 4555 1612 4629 virtute
1676 4552 2015 4654 insignes,
2085 4545 2478 4640 modestas;
2548 4544 2669 4621 vel
2721 4546 2936 4619 etiam
2988 4541 3499 4617 exsorbeamus

637 4687 999 4763 librorum
1051 4693 1367 4791 copiam,
1427 4694 1502 4764 in
1552 4692 1764 4764 variis
1819 4688 2253 4764 carminibus
2305 4685 2612 4761 nectaris
2665 4709 2961 4790 succum
2993 4679 3492 4783 praebentem:

645 4828 999 4897 nescimus
1054 4823 1232 4925 quid
1287 4825 1631 4899 faciamus
1682 4829 1873 4899 inter
1923 4824 2294 4915 mortales,
2355 4846 2671 4923 quorum
2721 4821 2867 4894 vita
2916 4819 3168 4919 paucis
3217 4829 3495 4887 tantum

645 4958 1032 5032 oculorum
1081 4962 1598 5035 nictationibus
1650 4975 1956 5034 constat.

2801 5087 2893 5158 16
