4126 5595
501 3173 592 3224 81.

500 3407 591 3457 82.

501 4116 592 4167 83.

1709 585 1967 645 mmm
2020 583 2364 644 PmMUS.
3115 624 3118 628 -
3398 567 3587 658 171·

633 796 854 866 netque
894 803 971 845 ne
1000 783 1127 864 quis
1164 780 1264 842 tali
1290 799 1458 841 amne
1495 779 1768 854 confidat,
1804 777 2019 859 quippe
2047 775 2147 857 qui
2173 775 2233 835 in
2265 776 2569 837 Oceanum
2595 789 2968 857 peccatorum
2995 779 3244 843 abducat
3268 781 3563 848 homiuem

634 904 954 967 incautum.
1036 901 1331 966 Convenit
1367 899 1494 961 scre
1533 899 1593 960 in
1633 898 1721 960 his
1772 901 2006 958 Blmrtr.
2049 919 2180 958 cum
2206 901 2487 957 Memno
2516 897 2748 981 (Epigr.
2765 910 2819 961 3.
2846 887 3222 978 Auth0121'11.
3237 926 3295 985 p.
3313 904 3433 986 59.)
3460 903 3565 967 ubi

633 1027 878 1089 iuvenes
917 1024 1183 1087 hortatur
1221 1036 1286 1085 ut
1323 1020 1743 1097 meretriculas,
1780 1040 1913 1081 cum
1950 1018 2192 1081 navibus
2232 1031 2605 1102 comparatas,
2644 1018 2925 1098 devitent,
2959 1042 3035 1083 ue
3070 1023 3439 1109 naufragium
3480 1023 3568 1088 sa-

635 1147 820 1220 ciant,
856 1145 995 1208 coll.
1027 1150 1236 1204 Horat.
1267 1144 1415 1225 (Od.
1440 1155 1558 1220 1,5,
1575 1142 1658 1219 6.)
1696 1164 1909 1215 aspera
1934 1147 2116 1211 nigris
2144 1163 2394 1215 aequora
2418 1147 2603 1198 ventis
2629 1147 2965 1199 emirabitur·
2988 1148 3241 1202 insolens
3271 1157 3386 1206 ete.
3462 1146 3567 1206 In-

632 1285 856 1327 versam
898 1264 970 1324 de
1003 1263 1341 1323 fluminibus
1381 1262 1489 1322 sub
1528 1259 1723 1340 specie
1762 1258 2074 1334 mulierum
2110 1257 2515 1319 incedentibus
2541 1259 2849 1343 imaginem
2874 1264 3138 1320 Kalidds.
3166 1260 3227 1320 in
3255 1262 3564 1324 Ritusanh.

631 1395 690 1458 3,
707 1395 760 1442 3.
802 1393 862 1440 et
900 1381 1170 1463 Ragliuv.
1199 1387 1283 1454 16,
1301 1387 1389 1442 63.
1431 1377 1713 1460 depingit.
1790 1377 1887 1436 De
1923 1376 2165 1458 singulis
2200 1376 2311 1436 iam
2347 1377 2641 1438 videamus
2679 1375 2962 1456 picturae,
2997 1377 3069 1437 ad
3106 1379 3389 1439 Indorum
3428 1399 3564 1440 seu-

633 1498 819 1560 tiendi
857 1498 1142 1560 rationem
1184 1509 1500 1578 conceptae
1539 1493 1825 1578 partibus;
1861 1494 2112 1574 primum
2140 1501 2323 1552 crines
2352 1506 2413 1554 et
2429 1501 2619 1568 plicas
2645 1494 2705 1553 in
2733 1493 2962 1574 puellae
2990 1505 3194 1557 ventre
3221 1497 3324 1575 (de
3351 1495 3562 1577 quibus

635 1640 690 1681 v.
720 1640 802 1681 vs.
825 1620 961 1698 152),
999 1638 1137 1698 quas
1173 1624 1465 1677 connubere
1504 1614 1629 1675 h.e.
1668 1612 1951 1673 undulare
1981 1612 2143 1688 dicit,
2178 1611 2341 1673 fluvii
2381 1611 2561 1673 undas
2591 1611 2756 1684 sacit3
2790 1633 2990 1694 propr.
3017 1623 3307 1674 undarum
3330 1597 3562 1676 laubicu-
3597 1586 3603 1592 ⁸

631 1748 843 1806 culum,
876 1734 1048 1803 simu
1083 1735 1283 1798 schol.
1324 1734 1468 1799 &11:⁶1
1505 1734 1585 1793 ita
1626 1744 1691 1793 ut
1727 1743 1851 1792 tota
1888 1730 2205 1813 descriptio
2234 1753 2415 1791 unum
2441 1731 2512 1792 ad
2536 1747 2713 1796 W
2736 1731 3035 1813 pertinens
3063 1733 3367 1815 epitheton
3392 1755 3562 1817 prae-

629 1855 784 1930 beat,
822 1856 978 1934 quod
1019 1855 1092 1915 de
1120 1853 1360 1934 reliquis
1398 1871 1633 1933 quoque
1660 1852 2042 1911 mouendum.
2120 1848 2488 1910 Attributum
2515 1872 2763 1930 sequens
2789 1852 2859 1911 ad
2889 1851 3133 1914 verbum
3161 1865 3353 1915 sonat:
3386 1860 3562 1913 anni-

627 1981 868 2032 tentium
906 1974 966 2032 h.
987 1993 1039 2032 e.
1075 1979 1409 2029 natantium
1449 1987 1693 2027 anatum
1733 1974 1976 2038 geminis
1995 1974 2269 2040 praedita
2293 1983 2379 2024 est
2397 1990 2505 2038 per
2529 1976 2761 2025 uberum
2782 1991 2917 2040 par.
2998 1985 3241 2034 W
3261 1995 3415 2028 anas
3447 1978 3559 2029 Ca-

628 2112 806 2148 sarca
843 2089 960 2149 avis
996 2087 1257 2167 aquatica
1294 2085 1619 2145 rubicunda
1659 2095 1745 2142 cst
1786 2082 1914 2159 (the
1944 2082 2133 2163 ruddy
2161 2082 2371 2164 goose)
2415 2104 2585 2161 quam
2621 2083 2848 2166 fingunt
2874 2084 3165 2144 cuiusdam
3193 2086 3386 2146 Muuis
3413 2096 3559 2148 voto

629 2219 812 2269 noctu
848 2228 880 2268 a
920 2205 1170 2289 coniuge
1208 2215 1522 2286 separatam
1565 2200 1831 2285 querelas
1876 2199 2127 2263 sundere
2167 2213 2228 2262 et
2270 2200 2482 2263 deliine
2521 2203 2846 2286 exemplum
2885 2215 2970 2264 cst
2995 2202 3206 2265 amoris
3234 2203 3558 2290 coniugalis

631 2328 745 2410 (cf.
773 2327 1046 2411 Mcghad.
1071 2348 1150 2389 vs.
1168 2338 1255 2389 82.
1283 2325 1362 2386 ib.
1383 2325 1647 2386 Wilson.
1673 2329 1958 2399 KffaeArj.
1989 2337 2041 2402 8,
2058 2325 2394 2396 56.9‚)l.1)l.
2415 2325 2579 2406 cte.).
2632 2323 2911 2406 Sequitur
2939 2323 3072 2385 dein
3098 2349 3164 2385 os
3189 2332 3558 2404 Nymphaea

633 2456 836 2517 sz'nn'le,
874 2447 1288 2533 corrigendum
1318 2446 1474 2508 enim
1513 2467 1582 2507 ex
1606 2445 1952 2529 apographis
1980 2444 2250 2506 omuibus
2274 2461 2521 2537 &W
2545 2445 2928 2537 prout-[siga
2953 2444 3109 2507 Edit.
3138 2445 3299 2508 cuius
3323 2468 3555 2510 sensum

633 2589 755 2629 non
782 2588 1075 2647 assequor.
1153 2568 1287 2627 Hoc
1315 2567 1494 2627 modo
1524 2565 1664 2626 dicit
1681 2574 1939 2640 puellam
1967 2585 2091 2625 esse
2123 2581 2360 2655 ειη-υἷϊ
2390 2557 2504 2643 2ιῇ
2535 2581 2619 2655 ξπ
2649 2561 2827 2628 affin:
2864 2581 3103 2656 {mm
3134 2547 3557 2657 proprln'n'suns

621 2690 856 2762 faciens
877 2691 1129 2760 flumen,
1167 2683 1324 2763 quod
1362 2685 1434 2743 de
1474 2704 1646 2744 cursu
1687 2682 1886 2764 rapido
1927 2696 1987 2743 et
2024 2677 2297 2743 translate
2340 2683 2413 2743 de
2443 2682 2692 2743 Veneris
2728 2669 3144 2745 colluctatione
3171 2684 3461 2769 intelligo,
3498 2697 3561 2746 et

607 2803 783 2865 'banc
812 2805 1045 2883 quidem
1078 2805 1480 2882 undequaque,
1513 2818 1733 2867 aaran:
1762 2800 2169 2883 periculosam.
2239 2801 2460 2862 Ultima
2487 2800 2664 2863 verba
2688 2801 2748 2861 iu
2776 2802 2931 2862 Edit.
2956 2815 3166 2863 sonant
3196 2820 3311 2869 ἱππ
3343 2820 3557 2895 W

630 2923 830 2988 mmai
855 2922 1250 3005 adoptavimus
1277 2921 1593 2983 lectionem
1622 2920 1811 2983 Codd.
1828 2919 1903 2981 A.
1925 2919 1993 2981 C.
2011 2921 2091 2981 D.
2120 2931 2180 2980 et
2205 2920 2413 2982 Scltol.
2441 2920 2541 3003 qui
2570 2920 2808 2982 unicum
2835 2922 3069 3003 quidem
3094 2938 3226 2987 ξιτπε
3253 2935 3389 2985 ante
3413 2945 3559 2987 ocu-

632 3041 723 3103 los
759 3040 980 3119 habuit,
1015 3063 1209 3124 neque
1237 3054 1423 3103 tamen
1453 3042 1767 3104 vocativus
1794 3040 2035 3103 omnino
2062 3040 2438 3102 necessarius.

637 3163 1093 3223 Inconstantiam
1136 3162 1443 3222 mulierum
1484 3161 1769 3240 queritur,
1807 3182 1916 3239 qua
1954 3160 2127 3219 fidem
2167 3180 2290 3219 nou
2316 3169 2683 3235 conservant,
2720 3157 2797 3219 cs.
2826 3158 2951 3217 Niti
2978 3170 3033 3219 2.
3069 3192 3151 3208 ·—
3187 3160 3437 3222 Scholia
3454 3161 3557 3224 de-

633 3280 961 3340 siderantur
990 3280 1086 3341 liic
1116 3292 1174 3339 et
1200 3280 1259 3339 in
1286 3279 1628 3339 sententiam
1655 3290 2019 3357 sequentem.

637 3396 874 3456 Similes
908 3396 1230 3455 sententiae
1268 3396 1377 3454 iam
1412 3396 1652 3453 aderant
1693 3416 1773 3452 vs.
1793 3395 1879 3456 711.
1903 3402 1988 3458 79.
2065 3385 2268 3454 ὢίῆῖή·
2287 3360 2484 3451 codd.
2511 3387 2586 3449 A.
2605 3390 2675 3451 C.
2704 3392 2761 3451 in
2790 3387 2971 3457 ἷέτῦῖῆ
2995 3417 3069 3451 ea·
3095 3389 3559 3456 venend'mutant

635 3513 795 3592 quod
834 3532 1063 3571 sensum
1091 3522 1274 3570 mutat
1301 3521 1361 3570 et
1386 3522 1577 3569 metro
1608 3508 1897 3589 Vaitaliyo
1926 3509 2170 3567 maxime
2198 3507 2585 3581 contrarium;
2619 3533 2900 3568 venenum
2938 3522 3239 3591 praeterea
3273 3505 3555 3593 sequitur.

633 3628 731 3691 Cf.
757 3628 1114 3690 simillimum
1151 3635 1361 3688 Plauti
1392 3625 1667 3707 (Trucul.
1700 3639 1749 3703 1,
1767 3639 1822 3702 2,
1841 3636 1871 3691 7
1877 3626 1960 3704 5.)
1999 3634 2059 3685 in
2086 3636 2251 3685 melle
2274 3642 2413 3685 sunt
2438 3634 2671 3699 linguae
2694 3626 2868 3696 εἰὶσε.
2896 3638 3070 3689 corda
3090 3636 3233 3708 selle
3254 3649 3393 3692 sunt
3417 3640 3559 3701 lica,-

638 3756 852 3810 Cistell.
885 3763 936 3826 1,
957 3758 1053 3827 1‚7
1069 3763 1134 3810 Μ
1165 3750 1350 3808 Amor
1374 3765 1429 3808 et
1457 3755 1632 3807 mella
1657 3764 1711 3806 et
1733 3752 1878 3824 selle
1903 3763 1991 3806 est
2013 3752 2527 3824 foecundissimus.
2604 3744 2870 3809 proverb.
2890 3762 2945 3826 5,
2961 3764 3014 3811 3.
3032 3752 3085 3812 st.
3121 3757 3241 3811 Met
3262 3760 3558 3814 destillant

637 3877 795 3929 labia
830 3876 1141 3927 meretricis
1179 3884 1244 3926 at
1275 3886 1480 3941 postea
1506 3889 1718 3925 amara
1735 3874 1815 3941 fit
1843 3873 1971 3939 ipsa
1997 3884 2062 3927 ut
2088 3875 2459 3929 absinthium.
2538 3873 2754 3927 Nalot!
2771 3886 2825 3928 et
2851 3874 3047 3930 Madia.
3074 3892 3131 3951 p.
3149 3864 3239 3932 2¹.
3265 3872 3420 3933 Lass-
3449 3882 3557 3931 ad·

637 4004 864 4060 spectus
891 3994 1007 4045 tela
1031 3995 1195 4044 melle
1219 4004 1273 4046 et
1298 4010 1512 4044 veneno
1537 3993 1724 4044 tincta
1750 3997 1810 4044 et
1835 3984 1967 4045 rell.

639 4104 887 4163 Sensum
918 4103 1189 4182 exprimit
1214 4102 1357 4162 illud
1384 4123 1685 4185 graecum:
1719 4085 1807 4166 ἶός
1847 4086 2134 4187 πέφυκεν
2170 4086 2448 4167 ἀσπίδος
2487 4086 2657 4177 κακὴ
2683 4086 2847 4180 ’γυνή
2877 4107 2978 4165 sed
3004 4106 3188 4166 sanari
3214 4126 3381 4186 posse
3406 4107 3559 4188 aspi-

605 4206 608 4209 *
636 4221 774 4283 dum
801 4242 1027 4282 morsus
1054 4222 1248 4297 docet,
1283 4220 1500 4280 nullam
1530 4241 1674 4281 vero
1706 4220 2045 4281 medicinam
2076 4232 2329 4302 paratam
2360 4233 2561 4283 contra
2587 4222 2894 4284 mulierum
2922 4223 3119 4301 dol-os;
3153 4226 3355 4287 suadet
3379 4224 3561 4310 igitur

636 4354 704 4402 ut
737 4342 847 4402 sibi
887 4355 1083 4402 caveat
1121 4340 1342 4402 iuvenis
1381 4341 1453 4400 ab
1494 4340 1748 4421 obliquis
1775 4341 1889 4402 illis
1917 4341 2226 4403 oculorum
2256 4341 2491 4404 nutibus
2520 4354 2784 4425 tanquam
2810 4344 3026 4428 sagittis
3049 4344 3472 4407 flammantibus
3498 4357 3560 4406 et

636 4483 669 4524 a
704 4461 917 4525 iocosis
954 4462 1278 4544 puellarum
1318 4461 1725 4523 blandimentis
1760 4462 1829 4522 ad
1859 4453 2108 4524 'modum
2148 4463 2352 4524 cristae
2381 4463 2635 4545 expansis
2663 4476 2727 4525 ut
2751 4463 2907 4526 viros
2933 4464 3204 4528 alliciant.
3284 4466 3560 4544 Textum,

637 4581 699 4644 in
735 4583 894 4643 Edit.
934 4583 1146 4644 misere
1188 4582 1510 4643 mutilatum
1548 4603 1580 4642 e
1612 4581 1801 4643 Codd.
1832 4582 2151 4643 emendavi.
2231 4581 2487 4644 Ablativi
2517 4584 2765 4646 redeunt
2790 4585 2860 4646 ad
2885 4571 3230 4670 εῆἱῗῖϊῐῦτζ,
3267 4584 3558 4668 composi-

639 4715 786 4778 tum,
830 4724 898 4764 ac
940 4703 989 4763 si
1031 4703 1213 4763 dicas:
1255 4709 1774 4772 Weiberschlange.
1851 4719 1999 4766 ῑπῐπῐ
2036 4703 2189 4762 unde
2230 4703 2290 4762 in
2329 4704 2663 4765 universum
2702 4717 3001 4783 serpentes
3040 4704 3313 4764 dicuntur
3347 4700 3552 4768 ffi'ffiwt

645 4821 880 4899 proprie
917 4827 1158 4878 rotrahe-125
1195 4826 1402 4889 Nugae
1427 4820 1559 4879 Lin.
1606 4819 1832 4879 cristam
1875 4821 2156 4902 designat,
2193 4841 2363 4900 quam
2404 4820 2671 4901 expandit
2696 4820 2967 4895 irascens,
3003 4822 3180 4900 quod,
3216 4822 3324 4880 nisi
3349 4832 3553 4882 notum

648 4947 819 5013 esset,
851 4942 1164 4995 Kazamsus
1194 4936 1391 5015 docet,
1426 4937 1666 4997 Sakunt.
1695 4958 1753 5017 p.
1775 4938 1916 4999 tltsm
1948 4933 2177 5029 ἕψῃς
2212 4955 2362 5027 σξῃτι
2396 4937 2544 5003 (Ruri
2573 4925 2717 5031 w
2755 4957 2780 4998 ιι
2861 4940 2957 4999 De
2997 4950 3328 5019 serpentum
3355 4939 3555 5000 incau-

2814 5054 2954 5118 22*
