4126 5595
1636 566 1890 627 mmm
1948 565 2428 628 SECUNDUS.
3391 549 3562 639 203

633 783 760 823 rem
798 782 921 822 non
957 758 1397 843 aggrediuntur,
1434 758 1760 839 procedens
1797 758 1871 818 ad
1911 777 2031 833 eos,
2069 755 2169 836 qui
2209 757 2632 840 aggrediuntur
2672 757 2908 837 quidem
2946 760 3048 821 sed
3088 782 3214 822 rem
3239 763 3561 847 adgressam

635 901 771 942 mox
803 878 1164 959 relinquunt,
1203 889 1264 939 et
1298 876 1534 939 sedulos
1570 897 1637 937 ac
1676 885 2005 938 constantes
2037 896 2265 937 summo
2303 874 2441 937 loeo
2470 895 2714 957 ponens,
2750 876 2850 956 qui
2890 878 3135 940 arduum
3164 880 3444 963 quidquid
3472 883 3562 945 in·

633 1012 869 1084 ceptum
893 1000 966 1062 ad
994 999 1167 1060 linem
1194 998 1544 1081 perducunt.
1616 997 1845 1059 Citatur
1870 996 2157 1059 sententia
2184 995 2246 1057 in
2271 1001 2768 1056 Mudrdrdkshaso
2792 998 2957 1080 p.)l8.
2986 997 3089 1060 ubi
3113 1001 3445 1065 membrum
3471 1003 3565 1066 ul-

630 1122 838 1185 timum
880 1120 959 1182 ita
997 1131 1192 1181 sonat:
1254 1111 2129 1210 mffl'gunwffissffffi
2170 1137 2238 1178 ex
2284 1116 2693 1198 qua-lectione
2730 1134 2920 1208 ατζῑυ
2956 1120 3322 1201 recepimus‚‘
3358 1135 3565 1207 utpote

629 1241 805 1302 unice
846 1252 1099 1316 rectum,
1146 1261 1257 1320 pro
1295 1255 1495 1326 arsur,
1545 1250 1612 1299 ut
1654 1238 1878 1316 Codex,
1915 1236 2132 1299 hiatum
2175 1259 2297 1298 non
2336 1236 2674 1319 respiciens,
2708 1237 2970 1320 praebet.
3061 1241 3328 1303 Verbum
3368 1254 3563 1303 autem

627 1353 935 1447 ΠῆἩΠῨῗἩ·
960 1369 1200 1417 tuentur
1228 1356 1486 1418 Scholia.

494 1477 585 1538 711.
633 1474 1036 1536 Praecedenti.
1062 1474 1386 1536 sententiae
1431 1473 1584 1534 bene
1624 1492 1751 1534 sese
1787 1471 2051 1556 adiungit
2091 1471 2404 1549 distichon,
2442 1493 2693 1534 caussam
2721 1472 2881 1552 quasi
2917 1473 3136 1537 addens
3162 1496 3270 1538 eur
3294 1473 3563 1538 homines

631 1592 815 1674 quieti
841 1592 1169 1675 plerunque
1194 1593 1408 1655 addicti
1441 1593 1575 1670 sint,
1611 1592 1838 1655 scilicet
1860 1591 1993 1672 quia
2017 1590 2290 1653 socordia
2318 1602 2587 1671 tanquam
2615 1589 2797 1653 hostis
2824 1591 2884 1653 in
2913 1593 3262 1675 corporibus
3297 1581 3563 1657 eommo-

626 1724 816 1788 ratur;
843 1712 1011 1775 labor
1036 1734 1181 1776 vero
1208 1732 1586 1795 perseverans
1611 1710 1830 1773 amicus
1857 1722 1945 1772 est
1971 1729 2147 1790 quem
2174 1729 2377 1770 omnes
2402 1708 2514 1771 sihi
2540 1709 2765 1771 sociare
2793 1710 3030 1774 debent.
3084 1713 3185 1775 Sie
3211 1734 3443 1777 versum
3471 1712 3564 1774 in-

634 1832 842 1917 telligo
885 1833 1060 1894 nullis
1099 1832 1354 1894 Scholiis
1394 1831 1746 1893 instructum
1799 1841 1860 1892 et
1900 1849 1932 1891 a
1970 1828 2231 1890 lectione
2258 1829 2320 1889 in
2367 1828 2641 1892 omnibus
2666 1831 3016 1915 apographis
3038 1832 3149 1895 sibi
3182 1843 3563 1896 constantem.

622 1947 799 2030 Apud
826 1949 1157 2032 Rogerium
1184 1950 1294 2010 alia
1319 1949 1606 2010 sententia
1643 1959 1822 2008 exstat
1848 1966 1995 2026 quae
2023 1966 2303 2024 nusquam
2333 1946 2646 2026 reperitur.

490 2075 580 2130 75.
627 2065 993 2127 Sententiam
1021 2065 1169 2127 hanc
1195 2066 1309 2127 sibi
1329 2065 1648 2127 vindicavit
1669 2069 2076 2136 Ilttopadesus,
2104 2061 2205 2121 ubi
2232 2083 2289 2143 p.
2304 2073 2395 2124 55.
2425 2075 2622 2139 exstat,
2649 2062 2940 2125 Editionis
2963 2064 3057 2126 Sr.
3083 2062 3402 2128 lectionem
3433 2065 3560 2129 fere

630 2196 924 2270 repetens,
964 2184 1022 2247 iu
1050 2207 1162 2269 qua
1190 2183 1517 2248 membrum
1542 2183 1864 2247 secundum
1895 2194 1955 2245 et
1982 2180 2218 2244 tertium
2245 2195 2458 2244 sonant
2482 2181 2601 2246 hoe
2628 2182 2833 2246 modo:

1599 2290 1932 2398 ξὲὲἒῖτπῑῆ
1975 2322 2024 2371 π
2066 2299 2137 2385 l}
2169 2293 2398 2395 §trgss'ffirt
2442 2323 2454 2366 ι

1599 2444 1707 2491 ³³21:
1744 2422 2000 2514 ςιπεστῆ
2031 2418 2303 2516 augunt&
2340 2443 2365 2487 u
2449 2507 2464 2517 ο

631 2568 740 2608 nos
779 2546 1095 2608 lectionem
1140 2546 1333 2609 Codd.
1352 2546 1425 2608 A.
1444 2546 1515 2607 Β.
1556 2559 1615 2608 et
1654 2545 2032 2609 Scholiorum
2071 2544 2468 2628 adoptavimus
2492 2542 2928 2628 simpliciorem,
2971 2567 3119 2629 quae
3145 2549 3562 2632 repetitionem

627 2665 800 2725 simul
830 2664 1146 2748 particulae
1172 2662 1243 2746 l}
1269 2666 1419 2728 iusto
1451 2666 1770 2742 duriorem,
1806 2678 1872 2727 ut
1895 2666 2201 2727 Lassenius
2229 2676 2392 2725 recte
2419 2665 2842 2742 animadvertit,
2870 2665 3066 2727 evitat.
3118 2668 3189 2727 In
3218 2667 3556 2748 quibusdam

626 2796 927 2864 praeterea
954 2784 1296 2865 Hitopadesi
1337 2783 1693 2845 editionibus
1727 2782 1799 2843 ab
1827 2783 1997 2844 initio
2026 2782 2304 2844 scribitur
2329 2781 2519 2844 vocali
2546 2782 2833 2862 producta
2856 2768 3174 2862 mttffiaw
3198 2806 3369 2864 quam
3395 2797 3562 2849 recte

620 2900 927 2963 Lassenius
965 2902 1131 2964 dolet
1165 2923 1228 2964 se
1266 2901 1597 2978 retinuisse,
1633 2924 1812 2981 quum
1841 2899 2088 2962 verbum
2114 2885 2318 2985 διῖῆτζ
2337 2899 2396 2959 in
2424 2902 2670 2960 mmm.
2700 2898 2899 2984 Sring.
2925 2910 3016 2967 97.
3046 2922 3282 2984 quoque
3314 2901 3560 2988 legatur.

618 3020 738 3082 Sed
778 3021 1073 3083 audiamus
1109 3022 1304 3104 potius
1341 3022 1598 3085 editores
1640 3020 2002 3084 doctissimos
2029 3018 2185 3101 ipsos
2212 3020 2285 3081 de
2314 3019 2421 3082 hac
2447 3019 2772 3083 sententiae
2798 3032 3033 3084 nostrae
3059 3022 3337 3086 varietate
3365 3023 3561 3106 dispu-

620 3151 807 3202 tantes
836 3141 1078 3221 (p.97.):
1105 3140 1383 3217 „Quodsi
1408 3157 1536 3217 m
1562 3139 1799 3224 legitur,
1820 3139 1876 3199 id
1905 3138 2141 3199 licentia
2168 3138 2400 3218 poetica
2426 3137 2751 3199 seiunctum
2779 3151 2866 3200 est
2891 3139 2963 3200 ab
2988 3136 3103 3204 πῆ
3127 3153 3186 3202 et
3213 3153 3560 3203 construen-

624 3258 763 3319 dum
788 3275 837 3324 :c
857 3254 1045 3336 πζῆῆ
1073 3258 1131 3318 id
1160 3270 1245 3320 est
1276 3276 1326 3323 :r
1346 3254 1609 3342 εὴῑτίἧῑ
1664 3255 2033 3340 Schlcgelius
2061 3255 2379 3318 lectionem
2404 3243 2695 3333 ffitffiffffl
2720 3255 2853 3335 (8ῖὲ
2875 3273 3052 3347 Πᾞὲπ
3077 3258 3311 3338 Schol.)
3338 3272 3559 3341 tuetur,

623 3376 910 3456 siquidem
955 3361 1128 3440 affin
1168 3398 1277 3456 pro
1316 3362 1512 3460 πῆἷτὶ
1540 3374 1764 3435 admitti
1802 3386 2072 3454 nequeat.
2151 3373 2415 3433 Verbum
2456 3372 2947 3435 denominativum
2984 3363 3237 3454 15ζῆπῆ
3268 3377 3557 3460 signifieat

621 3500 981 3566 vilipendere,
1009 3498 1420 3568 parvifacere,
1459 3492 1847 3571 compositum
1888 3502 1975 3551 est
2013 3510 2146 3550 eum
2187 3490 2469 3570 particula
2493 3506 2630 3580 σῇ,
2666 3489 2920 3551 themate
2948 3491 3220 3554 obsoleto
3247 3494 3552 3574 pronomi-

621 3609 708 3669 nis
742 3604 824 3671 {231²
850 3609 1010 3689 quod
1038 3622 1098 3671 et
1123 3610 1310 3691 ipsum
1339 3632 1470 3671 cum
1496 3609 1820 3692 significatu
1857 3618 2227 3688 contemptus
2253 3607 2555 3670 vocabulis
2582 3607 2922 3688 quibusdam
2949 3611 3355 3692 proponitur.”
3430 3614 3552 3675 Ha·

621 3737 823 3789 etenus
850 3726 960 3788 viri
994 3726 1386 3805 celeberrimi,
1415 3748 1667 3808 quorum
1694 3726 2016 3787 sententiae
2042 3723 2128 3784 nil
2153 3724 2328 3786 addo.
2381 3724 2648 3786 Verbum
2672 3722 2833 3791 ΠΤΕΠ
2859 3726 2916 3786 in
2944 3728 3174 3809 plurali,
3200 3742 3266 3791 ut
3278 3736 3550 3807 meopad.

624 3845 694 3907 P.
740 3846 995 3922 exhibet,
1042 3847 1236 3908 nullus
1273 3846 1419 3931 legit
1456 3846 1847 3908 Bhartriharis
1888 3845 2113 3908 Codex.
2193 3846 2471 3923 Mettum,
2507 3856 2573 3907 ut
2611 3845 2672 3907 in
2711 3845 3075 3928 praefatione
3102 3848 3552 3930 observavimus,

624 3978 713 4027 est
749 3961 987 4043 Ξῦῑπῐῆ,
1023 3966 1369 4048 permixtum
1414 3987 1481 4026 ex
1508 3966 1952 4047 Upendravajro
1994 3977 2055 4025 et
2077 3964 2417 4045 Indravajro
2453 3985 2662 4050 genus,
2698 3978 2759 4028 et
2784 3966 2861 4028 ita
2888 3966 3146 4049 quidem,
3177 3981 3261 4046 ut,
3298 3968 3551 4033 lectione

621 4084 899 4165 Ilitopad.
925 4086 1187 4162 admissa,
1220 4084 1688 4167 Amphibrachys
1716 4097 1776 4146 et
1799 4083 2221 4146 Antibacchius
2248 4084 2307 4144 in
2336 4083 2582 4165 pedibus
2607 4084 2837 4146 initium
2870 4084 3215 4149 facientibus
3237 4087 3551 4169 alternent,

602 4202 691 4265 ex
729 4215 928 4265 nostra
953 4217 1146 4267 autem
1174 4204 1431 4267 lectione
1457 4203 1877 4266 Antibacchias
1903 4202 1964 4265 in
1992 4201 2200 4265 ultimo
2227 4215 2450 4266 tantum
2479 4204 2614 4268 colo
2643 4202 2837 4268 locum
2865 4204 3093 4285 habeat,
3129 4205 3289 4269 euius
3312 4207 3549 4293 generis

622 4346 842 4388 nomen
878 4326 1130 4409 speciale
1173 4327 1460 4391 desidero.
1535 4327 1631 4391 Ad
1671 4326 1982 4412 imaginem
2025 4326 2184 4408 quod
2223 4326 2450 4406 attinet,
2487 4326 2566 4390 ef.
2609 4331 2939 4405 Skupdlab.
2973 4342 3023 4408 1,
3039 4340 3112 4391 2.:
3157 4346 3222 4390 ue
3259 4336 3322 4389 ίη
3359 4338 3550 4391 auum

619 4456 939 4508 adscendet
964 4456 1135 4521 ignis,
1171 4468 1386 4510 natura
1412 4457 1590 4525 ipsius
1616 4468 1704 4511 est
1735 4446 1899 4515 Πῇὲ
1929 4436 2215 4544 W
2246 4434 2467 4541 {3532
2532 4447 2713 4511 Aliud
2740 4449 2800 4510 in
2827 4455 3191 4527 Kdosaprak.
3219 4474 3278 4534 p.
3297 4462 3421 4514 1⁵3.
3449 4470 3546 4513 ex-

619 4579 774 4629 stans
803 4566 1120 4648 distichon,
1155 4570 1406 4656 imagine
1439 4570 1544 4634 etsi
1569 4570 1890 4653 paullulum
1920 4570 2165 4646 diversa,
2198 4591 2319 4631 non
2347 4591 2579 4651 possum
2607 4569 2749 4653 quin
2776 4570 3124 4633 adscribam:

2796 4914 2937 4984 26*
