4126 5595
543 534 666 596 111
1818 531 2323 597 PRAEFATIO.

547 718 946 814 violarunt3
1000 719 1430 820 glossemata
1482 719 1558 791 in
1608 731 1913 810 textum,
1980 724 2291 821 genuina
2344 718 2661 810 lectione
2712 718 3072 820 neglecta,
3129 740 3596 825 receperunt3

552 880 897 932 versuum
941 847 1308 936 ,ordinem
1379 855 1806 948 turbarunt3
1886 855 2244 931 vocabula
2318 854 2500 930 salso
2572 853 2768 928 haud
2834 881 3004 929 raro
3072 854 3598 949 distinxerunt3

556 990 834 1067 scholia
898 995 977 1066 in
1034 991 1305 1065 librum
1350 990 1774 1093 Vairfigyam
1829 995 2022 1066 vitiis
2073 991 2292 1092 plena
2342 989 2825 1092 imprimenda
2878 1009 3263 1086 curarunt;
3347 993 3602 1067 consu-

496 1204 528 1217 ,
559 1124 830 1203 derunt
878 1127 1043 1220 alia,
1100 1119 1261 1200 alia'
1290 1123 1380 1199 ad
1433 1125 1753 1201 lubitum
1804 1131 2234 1219 omiserunt3
2289 1142 2566 1201 textum
2603 1124 2921 1230 denique
2957 1133 3149 1233 typis
3186 1153 3608 1232 expressum

560 1292 601 1340 a
677 1264 1098 1368 sphalmatis
1174 1262 1717 1367 typographicis
1789 1289 1946 1337 non
2016 1264 2297 1366 ubique
2372 1281 2797 1367 purgarunt.
2921 1263 3179 1343 Gravis
3250 1291 3421 1340 sane
3489 1290 3605 1339 ac-

562 1406 867 1496 cusati0,
926 1405 1131 1478 cuius
1180 1416 1426 1476 tamen
1477 1403 2038 1476 commentarius
2091 1417 2343 1476 noster
2392 1405 2469 1475 in
2523 1406 2783 1503 quovis
2834 1403 2987 1477 fere
3039 1403 3351 1478 disticho
3397 1429 3607 1508 prae-

562 1544 772 1620 bebit
819 1556 1265 1646 argumenta.
1370 1539 1636 1616 Rarior
1684 1557 2058 1644 praeterea
2110 1539 2296 1615 sacta
2349 1556 2458 1615 est
2510 1539 2736 1615 editio
2788 1542 2913 1616 illa
2966 1546 3335 1647 primaria,
3395 1568 3614 1644 quam

567 1684 711 1754 iam
761 1695 934 1782 post
963 1678 1334 1780 vulgatum
1367 1703 1505 1780 per
1536 1676 1960 1752 duumviros
1996 1676 2430 1751 clarissimos
2466 1676 3027 1779 Hitopadesum,
3084 1682 3205 1753 vix
3250 1704 3334 1752 ac
3368 1704 3462 1751 ne
3498 1682 3614 1753 vix

569 1811 872 1918 quidem
922 1816 1001 1889 in
1049 1839 1306 1888 manus
1356 1817 1681 1887 tironum
1728 1828 2108 1889 venturam
2161 1837 2315 1887 esse
2367 1838 2765 1915 speramus:
2825 1816 2900 1886 in
2949 1809 3404 1887 eruditorum
3438 1837 3610 1886 con-

570 1964 903 2054 spectum
953 1951 1016 2022 si
1065 1949 1258 2024 forte
1312 1948 1544 2045 cadat,
1602 1951 1653 2021 ii
1689 1973 1861 2022 sane
1894 1951 2174 2050 ubique
2207 1944 2564 2023 videbunt
2610 1944 2959 2022 iudicium
2993 1973 3129 2021 nos
3163 1952 3378 2023 nimis
3412 1972 3615 2023 seve-

571 2114 735 2164 rum
767 2112 925 2160 non
958 2084 1235 2160 tulisse.
1304 2129 1385 2143 —
1444 2081 1700 2156 Restat
1746 2099 1834 2156 ut
1882 2081 1975 2155 de
2017 2087 2354 2158 versione
2388 2083 2701 2184 belgica,
2762 2111 2949 2186 quae
2990 2083 3280 2160 duobus
3315 2083 3620 2158 saeculis

571 2223 980 2325 praeteritis
1016 2235 1091 2292 et
1120 2221 1357 2319 prima
1390 2217 1696 2290 sortasse
1735 2241 1921 2318 quae
1957 2242 2047 2288 ex
2079 2216 2325 2316 lingua
2359 2220 2702 2291 sanserita
2738 2222 2814 2289 in
2840 2220 3311 2320 Europaeum
3342 2244 3618 2295 sermo-

574 2379 748 2428 nem
781 2351 1125 2426 translata
1158 2378 1484 2450 unquam
1519 2353 1878 2449 apparuit,
1927 2352 2179 2450 paucis
2213 2374 2436 2449 agam.
2513 2351 2648 2422 Est
2678 2349 2861 2421 hacc
2889 2353 3279 2422 Abraham:
3314 2357 3619 2448 Rogetie',

577 2491 730 2564 sive
789 2487 1039 2587 potius
1097 2481 1492 2557 Brahmani
1551 2480 2095 2572 Padmaniibhi,
2166 2486 2285 2555 cui
2338 2485 2583 2556 omnia
2634 2507 2762 2555 sua
2815 2480 3038 2556 debet
3086 2481 3484 2583 Rogerius,
3555 2487 3630 2556 in

577 2621 818 2714 libro,
887 2622 1090 2695 cuius
1150 2621 1486 2696 versione
1548 2617 1804 2721 gallica
1865 2634 2075 2693 utor:
2146 2619 2219 2693 Ia
2271 2635 2476 2720 porte
2525 2634 2811 2692 ouverte
2850 2645 3043 2720 potu·
3077 2624 3417 2720 parvenit·
3458 2613 3507 2690 ὰ
3557 2619 3631 2691 la

580 2763 1078 2836 connosssance
1126 2757 1234 2833 du
1272 2759 1682 2861 paganisme
1717 2756 1961 2857 caclze',
2022 2754 2208 2833 trad.
2252 2784 2344 2831 en
2370 2756 2628 2858 stane.
2671 2783 2814 2859 pat·
2859 2757 3120 2833 Thom.
3157 2755 3251 2830 de
3282 2755 3357 2830 Ia
3394 2758 3625 2856 Grue,

584 2898 948 2977 Amsterd.
996 2896 1215 2972 16⁷0.
1271 2902 1390 2990 4⁸⁸,
1455 2897 1591 2970 ubi
1641 2893 1813 2971 inde
1865 2923 1904 2970 a
1957 2921 2124 2998 pag.
2150 2899 2325 2970 291.
2394 2894 2565 2969 libri
2616 2893 2953 2998 Vairfigyi
3005 2911 3079 2971 et
3126 2893 3317 2969 Nitis
3368 2894 3634 2996 legitur

582 3032 1069 3138 paraphrasis.
1175 3030 1636 3133 Religionem
1698 3032 2157 3105 christianam
2215 3028 2670 3132 propagandi
2738 3056 2984 3103 caussa
3046 3056 3239 3103 anno
3303 3033 3491 3101 1630
3555 3034 3632 3102 in

585 3165 873 3243 Indiam
930 3165 1247 3241 tetendit
1302 3166 1658 3268 Rogerius
1723 3163 1799 3240 ei:
1858 3170 1936 3238 in
2000 3168 2187 3240 urbe
2246 3165 2687 3258 Paliakatta,
2760 3168 2836 3238 in
2897 3169 3199 3267 regione
3251 3163 3634 3238 Carnatica

589 3307 749 3397 sita,
809 3299 1244 3377 decennium
1294 3302 1449 3377 sere
1501 3317 1991 3376 commoratus
2042 3316 2149 3375 est
2198 3302 2331 3375 ubi
2382 3328 2471 3375 ex
2521 3299 2927 3394 sacerdote,
2987 3327 3207 3404 quem
3237 3299 3465 3376 modo
3500 3326 3635 3375 no·

591 3442 886 3531 minavi,
936 3438 1434 3529 brahmanico,
1478 3438 1801 3541 linguam
1837 3438 2293 3512 lusitanicam
2329 3436 2618 3526 edocto,
2664 3436 3184 3540 compendium
3220 3463 3371 3513 non
3408 3437 3636 3511 modo

593 3575 1173 3680 mythologicum
1234 3573 1362 3649 sed
1423 3578 1836 3649 versionem
1900 3598 2203 3676 quoque
2252 3572 2764 3665 Bhartriharis,
2831 3578 3067 3675 prima
3119 3572 3212 3649 de
3264 3576 3635 3648 amoribus

598 3713 922 3783 centuria
981 3711 1509 3809 praetermissa,
1579 3704 1803 3779 sando
1857 3711 2139 3808 accepit
2188 3724 2264 3780 et
2314 3711 2800 3782 concinnavit.
2908 3707 3119 3780 Hanc
3170 3707 3471 3808 quidem
3524 3713 3634 3782 in-

598 3842 1238 3942 terpretationem,
1310 3843 1444 3913 etsi
1492 3840 1768 3940 ubique
1820 3838 1972 3912 sere
2023 3843 2350 3941 picturae
2399 3857 2685 3941 partem
2737 3864 3059 3915 aversam
3110 3844 3278 3914 satis
3327 3841 3637 3942 pelluci-

599 3972 771 4048 dam
828 3989 1327 4076 repraesentet
1362 3989 1463 4049 ,ει
1522 3971 1980 4075 paraphrasis
2040 3978 2289 4076 potius
2352 3971 2499 4046 dici
2547 3976 2808 4076 possit,
2880 3998 3135 4073 magna
3187 3971 3365 4046 mihi
3419 3974 3673 4048 fuisse'

600 4109 912 4187 utilitate
972 4107 1066 4184 ad
1128 4136 1420 4185 sensum
1480 4113 1559 4185 in
1621 4107 1860 4184 dubiis
1924 4109 2107 4185 locis
2167 4113 2587 4187 universum
2638 4105 3071 4213 captandum
3091 4165 3112 4201 ,
3169 4110 3479 4213 ingenue
3533 4110 3634 4186 sa·

603 4264 792 4325 teor.
857 4292 939 4309 —
1011 4246 1423 4323 Sententias
1474 4246 1793 4350 denique
1844 4247 2145 4324 selectas
2191 4246 2577 4323 Loiseleur
2620 4245 2712 4323 de
2745 4246 3263 4351 Longchamps
3312 4248 3635 4327 chresto·

608 4389 868 4460 matiae
919 4408 1088 4457 suae
1137 4387 1442 4457 inseruit
1492 4410 1580 4457 ex
1627 4384 1828 4459 Edit.
1871 4384 2052 4459 Srir.
2122 4383 2537 4487 desumptas
2599 4402 2674 4459 et
2721 4389 2914 4460 vitiis
2965 4388 3413 4485 gravioribus
3462 4415 3635 4490 pur·

610 4535 831 4622 gatas.
936 4516 1184 4618 Atque
1233 4516 1414 4591 haec
1464 4534 1632 4591 sunt
1680 4522 1758 4591 in
1809 4545 2005 4597 novo
2057 4535 2261 4594 textu
2310 4518 2819 4594 concinnando
2873 4545 3060 4621 quae
3112 4520 3291 4595 mihi
3342 4523 3646 4597 aderant

611 4649 959 4746 subsidia,
1016 4652 1284 4753 quibus
1336 4649 1714 4753 quomodo
1764 4679 1937 4728 usus
1991 4670 2065 4727 et
2116 4655 2357 4755 qualia
2406 4672 2694 4730 secutus
2744 4658 2878 4729 sim
2926 4672 3317 4760 praecepta
3361 4662 3637 4747 critica,

610 4786 957 4862 indicabo
1009 4802 1085 4859 et
1131 4785 1496 4886 religiose,
1550 4801 1635 4860 ut
1683 4813 1817 4889 par
1867 4803 2001 4882 est,
2059 4816 2227 4863 cum
2276 4790 2677 4864 lectoribus
2717 4778 3301 4867 communicabo.
3397 4792 3639 4881 „Cen-

610 4919 820 4998 sendi
868 4916 1385 5021 iudicandique
1434 4946 1762 5014 munere,
1828 4925 2052 4998 verba
2102 4940 2270 5000 sunt
2316 4922 2767 5019 Ruhnkenii,
2823 4930 2928 5001 sic
2974 4926 3298 5029 fungitur
3345 4927 3639 5030 aliquis,
