4126 5595
521 477 686 568 120
1405 490 2048 557 BnAn‘rmnAms
2107 494 2668 561 sssn‘rssn‘rmss.

583 689 630 755 ’,
708 682 846 760 dae
896 685 1121 759 instar
1149 678 1637 773 vacillantem,
1699 675 1961 781 agendi
1992 680 2393 774 rationem,
2451 705 2638 760 neve
2672 681 2982 787 amplius
3030 686 3562 765 inconstantem

706 820 872 897 cole
924 817 1195 901 mundi,
1226 841 1580 909 amorem:
1638 841 1685 890 o
1739 819 2084 918 cogitatio
2138 832 2478 893 contenta
2531 822 2676 894 iam
2727 822 2913 895 esto!

501 961 649 1036 66.
705 956 1102 1034 Stultitiam
1148 951 1400 1029 desere
1452 968 1528 1027 et
1572 951 1920 1028 laetitiam
1957 979 2227 1057 quaere
2269 979 2408 1058 per
2443 981 2611 1031 eum
2647 959 2775 1058 qui
2817 972 3266 1032 crescentem
3298 960 3376 1031 in
3407 984 3568 1035 ver·

625 1191 636 1200 .
704 1096 848 1170 tice
911 1074 1161 1166 lunam
1225 1092 1411 1192 gerit
1474 1114 1800 1191 gemmae
1850 1093 2104 1184 instar,
2172 1114 2218 1164 o
2270 1116 2502 1185 mens,
2570 1117 2809 1195 prope
2862 1092 3199 1168 coelestis
3248 1093 3567 1170 fluminis

703 1233 936 1334 ripam
987 1225 1444 1303 domicilium
1493 1253 1663 1301 cura
1722 1223 2157 1329 parandum:
2231 1252 2420 1329 quae
2471 1231 2671 1303 enim
2718 1227 2984 1304 ss'ducia
3036 1247 3145 1306 est
3194 1234 3272 1306 in
3319 1227 3564 1326 undis,

573 1467 584 1475 ⁹
705 1390 937 1469 aquae
996 1364 1249 1457 bullis,
1319 1368 1397 1438 in
1461 1362 1869 1464 fulgoribus
1921 1377 1998 1437 et
2056 1362 2513 1456 mulieribus,
2583 1367 2662 1438 in
2712 1362 3047 1458 flammis,
3115 1368 3573 1469 serpentibus

709 1469 785 1603 et
831 1501 1070 1580 fluviis
1120 1498 1864 1605 praeterlabentibus?

526 1641 652 1715 66.
710 1635 781 1715 O
834 1662 1068 1731 mens,
1138 1664 1231 1711 ne
1282 1636 1508 1711 semel
1575 1634 1875 1736 quidem
1927 1661 2095 1708 cum
2146 1633 2410 1709 ardore
2464 1639 2783 1735 cogitare
2833 1636 3017 1710 velis
3070 1638 3440 1710 fortunam
3490 1632 3576 1710 ilss

707 1769 857 1844 lam
904 1773 1464 1859 inconstantem,
1531 1749 1792 1842 mobili
1841 1771 2306 1841 meretricum
2358 1771 2556 1860 ioc0,
2626 1794 2668 1841 a
2719 1784 2906 1842 nutu
2964 1772 3385 1869 principum
3438 1770 3572 1842 ob·

708 1902 917 2007 liquo
967 1900 1346 2005 pendenti,
1405 1901 1741 1975 similem:
1799 1904 2061 2002 pannis
2114 1902 2430 1976 involuti
2477 1927 2617 2005 per
2655 1902 2956 1976 Benaris
3006 1903 3415 2005 platearum
3465 1928 3579 1978 se-

706 2040 874 2131 ries,
949 2034 1302 2113 domuum
1359 2052 1611 2141 portas
1675 2040 2052 2129 intrantes,
2124 2040 2313 2141 stipe
2379 2037 2820 2142 gaudeamus
2872 2054 3191 2143 erogata,
3264 2066 3448 2145 quae
3498 2043 3579 2115 in

705 2189 1034 2276 pateram
1085 2159 1305 2247 manu
1358 2173 1681 2247 oblatam
1733 2171 1952 2248 cadit.

526 2308 652 2384 67.
706 2307 797 2382 In
849 2308 1093 2383 fronte
1147 2324 1398 2381 cantus
1453 2324 1527 2380 et
1576 2305 1872 2382 facundi
1922 2323 2221 2408 poetae:
2277 2312 2355 2381 in
2405 2309 2755 2383 lateribus
2803 2310 3144 2384 mulieres
3179 2310 3575 2399 formosam

706 2466 747 2515 a
782 2456 989 2543 tergo
1023 2439 1337 2515 blandus
1371 2440 1819 2514 armillarum
1865 2444 2209 2544 strepitus
2256 2440 2634 2516 flabellum
2683 2447 3088 2518 tenentium
3133 2443 3576 2545 puellarum:

660 2572 982 2679 ·.quodsi
1029 2574 1211 2650 baec
1261 2572 1554 2668 adsunt,
1611 2574 2018 2650 mundanae
2056 2576 2456 2687 voluptatis
2508 2574 2973 2652 dulcedinem
3007 2593 3289 2679 gustare
3325 2576 3571 2670 liceat,

623 2750 644 2761 ··
682 2724 695 2789 '.
712 2713 827 2787 sin
876 2714 1141 2807 minus,
1198 2715 1436 2786 statim
1488 2709 1875 2817 aggredere
1912 2738 1958 2788 o
1996 2737 2226 2809 mens,
2283 2711 2832 2790 meditationem
2885 2740 3140 2791 omnes
3193 2716 3571 2820 cogitatio·

669 2905 677 2920 .
695 2860 844 2955 {nes
872 2881 879 2889 ·
896 2851 1438 2928 absorbentem.
1828 2942 1832 2946 .

530 2955 658 3063 68.
713 2986 1153 3090 Impetratae
1226 2988 1600 3078 fortunae,
1686 3013 1905 3061 omne
1982 2985 2423 3061 desiderium
2489 2988 2864 3089 explentes
2929 3002 3301 3089 prostent:
3394 2987 3573 3091 quid

713 3120 910 3194 tum?
956 3145 1089 3222 pes
1142 3122 1405 3193 cervici
1455 3120 1779 3192 hostium
1830 3124 1924 3191 sit
1956 3123 2367 3219 impositus:
2429 3119 2607 3219 quid
2643 3120 2840 3192 tum?
2891 3124 3308 3219 congregati
3339 3119 3581 3195 adsint

711 3255 924 3326 amici
977 3277 1330 3353 opesque:
1392 3247 1572 3352 quid
1623 3250 1818 3325 tum?
1868 3250 1958 3323 ad
2013 3248 2270 3324 mundi
2321 3253 2695 3325 interitum
2726 3248 3132 3352 perdurent
3163 3253 3585 3326 mortalium

713 3410 1054 3491 corpora:
1121 3382 1300 3488 quid
1353 3382 1549 3459 tum?
1818 3357 1825 3367 ο

530 3525 655 3600 69.
693 3521 1106 3601 ‚Veneratio
1170 3547 1336 3626 erga
1399 3519 1695 3617 Sivum3
1764 3518 2130 3596 moriendi
2192 3536 2267 3597 et
2314 3519 2662 3597 nascendi
2722 3524 2947 3599 timor
2997 3526 3240 3598 animo
3292 3525 3577 3621 insitus;

712 3629 923 3735 nulla·
966 3662 1047 3733 in
1098 3662 1338 3733 socios
1391 3655 1735 3750 adfectio,
1793 3683 2037 3760 neque
2092 3683 2181 3733 ex
2230 3683 2480 3732 amore
2534 3675 2784 3733 enatae
2831 3662 3054 3733 animi
3087 3661 3583 3762 perturbatio·-

715 3794 1023 3886 nes;·ab
1077 3795 1340 3866 innatis
1392 3792 1600 3866 malis
1652 3792 1896 3883 liberi,
1953 3816 2092 3893 per
2139 3791 2477 3867 homines
2528 3819 2685 3866 non
2727 3793 3188 3894 frequentata
3240 3794 3584 3870 silvarum

714 3925 941 4000 lustra
1017 3925 1377 4002 colentes:
1467 3925 1614 4001 hoc
1675 3926 2103 4030 Vairzigyam
2184 3943 2328 4021 est,
2412 3925 2589 4030 quid
2670 3928 2932 4003 melius
2999 3927 3148 4004 hoc
3224 3946 3297 4005 et
3357 3933 3580 4033 magis

717 4058 1162 4166 optandum?

538 4199 663 4275 70.
713 4195 1074 4273 Meditare
1138 4201 1380 4302 igitur,
1450 4224 1496 4274 o
1550 4224 1782 4292 mens,
1854 4198 2225 4275 infinitum
2285 4198 2500 4292 illud,
2570 4205 3120 4304 sempiternum,
3178 4228 3568 4295 summum,

695 4332 1321 4435 ·omnipervadens
1372 4334 1797 4409 Brahmum!
1858 4333 2037 4435 quid
2091 4339 2242 4408 istis
2288 4361 2638 4412 vanarum
2684 4362 2930 4409 rerum
2982 4336 3583 4436 cogitationibus?

719 4462 928 4538 Illius
988 4470 1181 4538 enim
1233 4467 1495 4541 cultori
1546 4468 1959 4570 voluptates
2012 4468 2211 4558 illae,
2286 4494 2466 4568 quas
2518 4484 2754 4541 terrae
2816 4472 3202 4570 imperium
3257 4484 3330 4543 et
3378 4473 3575 4544 simi-

722 4596 820 4671 lia
843 4600 1262 4700 ·praebent,·
1306 4626 1444 4702 per
1492 4604 1795 4676 miseros
1843 4616 2129 4674 tantum
2179 4600 2515 4675 homines
2565 4601 2967 4676 honoratae
3018 4599 3379 4678 videntur.

537 4730 664 4807 71.
719 4730 1101 4834 Ιυίεωυω
1150 4736 1401 4826 intras,
1448 4734 1655 4817 ,vadis
1693 4734 1784 4809 ad
1820 4735 2142 4827 aethera,
2203 4736 2460 4810 orbem
2511 4735 2952 4810 transsiliens
3003 4753 3359 4811 terrarum
3407 4761 3579 4840 per·

720 4869 996 4969 vagaris
1062 4894 1108 4943 o
1148 4871 1398 4967 ¹anime
1451 4896 1617 4948 cum
1664 4869 1985 4947 levitate:
2027 4897 2191 4946 .cur
2255 4871 2623 4947 oberranti
2686 4872 2821 4946 tibi
2884 4898 3264 4974 nunquam
3310 4898 3584 4975 purum
