4126 5595
1668 584 2107 650 CENTUMA
2160 586 2583 650 SECUNDA.
3488 566 3651 656 109

824 769 1313 844 Avatmorum
1373 772 1880 842 necessitatem
1942 784 2051 843 est
2113 771 2530 858 coniectus;
2600 792 2752 868 quo
2806 767 3061 860 Sivus,
3132 772 3457 844 cranium
3506 795 3648 873 pro

821 929 990 981 vase
1042 930 1264 979 manu
1313 902 1682 998 tenendo,
1725 906 1991 1008 stipem
2044 929 2341 1005 erogare
2394 905 2626 979 iussus
2671 919 2808 998 est3
2866 929 3018 1008 quo
3071 903 3188 980 sol
3234 931 3527 1046 semper
3574 907 3655 980 in

824 1041 1041 1117 coelo
1092 1058 1413 1145 vagatur:
1470 1041 1645 1117 huic
1699 1044 1908 1146 operi
1959 1044 2053 1116 sit
2101 1044 2508 1117 veneratio·
3534 1043 3543 1052 ’

640 1180 763 1253 94.
819 1177 997 1253 Non
1046 1179 1285 1254 forma
1333 1182 1658 1280 praemia
1709 1179 1879 1271 fert,
1936 1204 2077 1252 nec
2112 1177 2409 1270 familia,
2467 1202 2714 1280 neque
2749 1175 3066 1271 indoles,
3122 1203 3262 1252 nec
3295 1180 3652 1281 sapientia

817 1340 1147 1417 unquam
1169 1369 1191 1406 ,
1262 1339 1509 1415 neque
1561 1318 1800 1388 minus
1853 1317 2228 1390 servitium
2281 1315 2485 1386 omni
2536 1316 3013 1388 contentione
3065 1311 3378 1389 factum:
3450 1313 3653 1388 bona

820 1463 1147 1543 tantum,
1217 1464 1428 1524 antea
1491 1476 1630 1552 per
1679 1447 2154 1531 devotionem
2204 1447 2555 1554 collecta,
2627 1463 3057 1552 opportuno
3109 1463 3447 1552 tempore
3499 1421 3686 1524 sm-.

822 1601 1021 1662 ctum
1071 1587 1431 1692 praebent
1479 1585 1767 1661 homini
1818 1589 2005 1662 sicut
2055 1587 2385 1661 arbores.
2455 1585 2481 1591 ”

631 1723 904 1800 95.·1n
955 1723 1181 1829 sylva,
1238 1727 1315 1800 in
1365 1722 1639 1829 proelii
1689 1750 1983 1829 campo,
2039 1727 2232 1800 inter
2281 1722 2558 1818 hostes,
2618 1697 2843 1829 aquas
2880 1740 2954 1801 et
2987 1725 3218 1828 ignes,
3275 1726 3355 1801 in
3387 1750 3651 1829 magno

740 1903 756 1912 ·
815 1887 1141 1965 aequore
1192 1862 1315 1940 vel
1365 1866 1445 1937 in
1495 1865 1769 1938 montis
1819 1866 2095 1939 vertice
2131 1860 2647 1955 dormientem,
2706 1860 3220 1965 desperantem
3251 1862 3375 1940 vel
3407 1866 3487 1937 in
3522 1888 3676 1955 an·-

815 2000 1066 2098 gustiis
1116 2013 1529 2074 versantem
1578 2013 1981 2099 protegunt
2029 1998 2230 2070 bona
2285 2022 2538 2096 opera,
2597 2012 2808 2071 antea
2858 2011 3181 2097 peracta.

626 2132 753 2204 96.
815 2128 1030 2223 Quae
1092 2139 1363 2234 pravos
1414 2133 1495 2202 in
1541 2131 1788 2204 bonos
1841 2145 2283 2220 commutat,
2352 2128 2614 2202 stultos
2669 2131 2749 2201 in
2799 2131 3202 2231 sapientes,
3272 2129 3522 2203 hostes
3573 2131 3653 2204 in

811 2268 1118 2361 amicos3
1177 2290 1368 2369 quac
1423 2262 1796 2341 occultum
1846 2263 2125 2341 revelat
2176 2279 2252 2341 et
2298 2290 2666 2343 venenum
2715 2265 2956 2339 statim
3008 2267 3372 2341 convertit
3404 2266 3485 2340 in
3518 2290 3649 2342 ne-

816 2417 996 2480 ctar:
1056 2401 1260 2478 illam
1313 2402 1479 2480 cole
1527 2405 1715 2480 boni
1768 2378 2011 2509 operis
2060 2402 2328 2498 Deam,
2385 2401 2618 2479 salute
2670 2404 2733 2478 si
2779 2403 2889 2480 vis
2940 2400 3253 2506 gaudere
3305 2417 3650 2508 exoptata

823 2565 871 2615 o
923 2542 1153 2635 bone,
1222 2567 1409 2621 neve
1460 2542 1725 2618 frustra
1785 2544 1925 2618 tibi
1977 2567 2223 2619 curam
2276 2541 2391 2617 fac
2452 2567 2591 2698 per
2635 2567 2906 2620 vanum
2956 2542 3036 2616 in
3085 2541 3380 2617 steriles
3415 2544 3644 2620 ,virtu-

813 2694 925 2755 tes
978 2676 1327 2756 studium.

630 2812 753 2891 97.
808 2815 1008 2891 Boni
1070 2821 1390 2921 speciem
1452 2843 1634 2923 prae
1697 2843 1776 2896 se
1828 2819 2016 2895 ferat
2065 2818 2382 2894 anmali
2437 2830 2624 2923 opus
2674 2814 2982 2922 aliquid:
3051 2843 3190 2923 per
3226 2820 3643 2922 sapientem

809 2952 997 3029 illud
1065 2953 1614 3061 adgredientem
1681 2959 1774 3033 ab
1840 2959 2053 3034 initio
2123 2957 2327 3033 omni
2377 2957 2546 3034 cura
2601 2953 2936 3034 evitanda
2989 2972 3101 3033 est
3147 2957 3647 3063 praemiorum

703 3181 708 3186 .
812 3098 1288 3198 exspectatio:
1319 3109 1325 3115 '
1360 3113 1470 3172 est
1533 3100 1730 3173 enim
1796 3098 2148 3201 operibus
2213 3123 2381 3172 cum
2443 3099 2666 3171 animi
2725 3095 3284 3201 perturbatione
3334 3096 3646 3198 inceptis

809 3256 1199 3307 aerumnae
1252 3233 1557 3325 fructus,
1620 3236 1749 3335 qui
1799 3236 2145 3308 animum·
2175 3235 2375 3335 angit
2415 3232 2653 3309 ‘veluti
2701 3232 2958 3308 telum.

624 3366 751 3437 98.
807 3363 900 3439 In
965 3364 1115 3439 olla
1176 3371 1476 3467 gemmis
1547 3384 1840 3460 ornata,
1907 3367 2156 3441 multis
2208 3370 2606 3469 suppositis
2669 3367 2884 3469 lignis
2936 3365 3366 3440 arundinem
3419 3387 3639 3439 exco-

811 3500 975 3598 quit
1022 3514 1110 3571 ut
1161 3498 1506 3592 olearius;
1560 3523 1787 3573 aureo
1840 3515 2082 3573 aratro
2135 3498 2378 3573 solum
2431 3514 2675 3574 exarat
2720 3499 2994 3573 herbae
3042 3498 3304 3573 sterilis
3354 3521 3634 3589 caussa,

805 3627 1422 3735 Camphoreaceis
1474 3634 1804 3708 abscissis
1857 3634 2249 3707 arboribus
2300 3658 2554 3737 sepem
2600 3647 2812 3735 parat
2842 3649 2952 3708 ut·
2970 3631 3206 3707 lentes
3257 3634 3364 3707 ibi
3402 3647 3632 3723 serat,

800 3763 1042 3843 homo
1093 3767 1350 3843 infelix
1415 3766 1572 3861 ille,
1646 3770 1778 3871 qui
1828 3765 1921 3843 ad
1973 3766 2124 3843 hoc
2176 3794 2487 3872 operum
2537 3766 2907 3843 theatrum
2958 3764 3282 3860 delatus,
3339 3791 3496 3842 non
3546 3763 3638 3839 ad

707 3972 714 3979 .
806 3900 1281 3979 devotionem
1330 3928 1488 3979 sese
1539 3907 1875 4007 accingit.

618 4040 743 4113 99.
801 4038 1202 4115 Horribilis
1264 4038 1465 4144 sylva
1527 4039 1640 4113 illi
1702 4067 1844 4144 pro
1911 4043 2100 4116 urbe
2157 4039 2584 4116 delectabili
2633 4058 2767 4134 est,
2830 4066 3085 4117 omnes
3138 4056 3387 4143 gentes
3438 4038 3640 4114 illius
3719 4134 3728 4143 ³

801 4176 1062 4251 colunt
1110 4178 1458 4253 virtutem
1502 4192 1578 4254 et
1621 4180 1959 4256 universa
2010 4194 2203 4254 terra
2251 4176 2477 4282 plena
2529 4203 2975 4282 gemmarum
3027 4174 3279 4253 sodina
3332 4192 3442 4252 est
3492 4173 3631 4267 illi,
3667 4244 3674 4251 .

696 4348 700 4356 ·
803 4313 1260 4393 cui·homini
1310 4315 1541 4395 multa
1592 4315 2244 4397 adhaerentbona
2297 4344 2550 4425 opera,
2610 4334 2817 4396 antea
2870 4332 3191 4426 peracta.

574 4463 744 4534 100.
798 4452 1215 4532 Modestiae
1269 4473 1344 4532 et
1391 4462 1873 4561 praestantiae
1909 4463 2202 4563 copiam
2234 4486 2499 4564 parans
2535 4475 2609 4535 et
2643 4456 3131 4534 candidissimi
3167 4456 3393 4561 ipsius
3432 4457 3639 4559 quasi

803 4598 1531 4698 animum.·generans
1566 4601 2084 4702 propositum,
2127 4602 2254 4703 qui
2300 4597 2530 4674 semel
2563 4613 3064 4702 conceperunt
3096 4598 3232 4672 viri
3268 4595 3632 4696 generosi,

805 4732 886 4812 hi
937 4735 1141 4807 omni
1190 4732 1452 4807 labore
1503 4737 1789 4809 virtutis
1838 4752 2020 4811 voto
2054 4737 2520 4830 incumbunt,
2576 4759 2820 4838 neque
2861 4732 3174 4835 amplius
3207 4730 3654 4832 relinquunt.

811 4863 937 4939 sed
990 4867 1360 4941 fortunam
1410 4871 1661 4969 potius
1711 4872 2113 4973 vitamque.
