4126 5595
516 524 626 584 XX
1793 519 2298 586 PRAEFATIO.

1473 710 2553 822 mmmm:

1442 845 2660 952 WWWHHOE·

527 987 604 1056 in
653 1008 800 1085 qua
853 983 1083 1080 tertia,
1139 997 1380 1079 sexta,
1436 988 1729 1084 sepeehm
1767 1001 1840 1057 et
1879 1011 2069 1059 nona
2106 989 2603 1085 correpiuntur,
2660 982 2851 1058 hane
2900 980 3403 1085 Indravajram
3454 1011 3584 1088 ap·

527 1117 839 1223 pellant.
945 1116 1198 1193 Utitur
1256 1117 1743 1194 Bhartriharis
1804 1119 1945 1194 hae
2008 1145 2343 1194 mensura
2408 1123 2488 1195 in
2546 1120 2733 1195 locis
2783 1120 2936 1197 his:
2997 1118 3240 1225 Sring.
3290 1127 3410 1196 18.
3457 1127 3582 1196 22.

533 1258 658 1332 64.
695 1257 817 1333 78.
852 1257 975 1331 92.
1031 1253 1190 1331 Νἰιί
1229 1260 1503 1333 16.’33.
1540 1261 1664 1332 50.
1700 1260 1826 1334 58.
1861 1259 1986 1333 63.
2023 1258 2148 1333 64.
2186 1260 2309 1332 65.
2354 1264 2520 1333 100.
2560 1255 2762 1333 Vair.
2802 1266 2874 1334 8.
2933 1255 3201 1365 Suppl.
3239 1266 3311 1334 2.
3346 1266 3420 1334 3.
3458 1267 3532 1333 8.

813 1403 889 1468 3.
1000 1392 1081 1467 Si
1145 1397 1364 1468 etiam
1414 1397 1634 1496 primi
1702 1395 2012 1467 membri
2074 1419 2207 1497 pes
2272 1397 2553 1497 primus
2615 1410 2935 1471 mutatur
2999 1401 3078 1470 in
3106 1421 3114 1428 ·
3141 1395 3587 1499 Amphibra·

534 1530 783 1620 chum,
852 1544 1168 1605 metrum
1231 1530 1647 1633 appellatur
1709 1531 2274 1633 Upendmvajm,
2345 1527 2540 1633 apud
2592 1531 2964 1609 Bhartrih.
3037 1531 3278 1635 Sring.
3323 1540 3448 1608 23.
3524 1550 3597 1606 et

532 1666 822 1766 Vairflg.
885 1673 1009 1740 84.
1069 1682 1380 1740 exstans.
1486 1664 1766 1739 Norma
1819 1681 1966 1740 est:

1679 1797 2447 1902 .-.1--„1„-.5....„

536 1949 613 2007 et
658 1957 935 2007 nomen
983 1931 1274 2009 videtur
1324 1948 1637 2007 metrum
1688 1936 2052 2035 accepisse
2089 1959 2177 2006 ex
2222 1934 2675 2033 Gitagovi'nd.
2735 1942 2809 2028 4,
2854 1939 2928 2028 4,
2975 1944 3046 2010 2.
3086 1937 3217 2009 ubi
3263 1940 3339 2009 in
3380 1960 3597 2010 versu

536 2066 795 2144 eadem
843 2093 1177 2143 mensura
1229 2072 1670 2143 concinnato
1720 2068 1988 2170 legitur
2035 2065 2410 2176 Ξῇτζᾱῃ
2433 2072 2761 2168 fulmen,
2822 2070 2912 2146 ad
2971 2098 3190 2176 quam
3234 2098 3388 2147 rem
3426 2070 3600 2146 facit

536 2205 951 2283 observatio
1007 2202 1495 2280 Colebrookii
1547 2203 1633 2304 (l.
1667 2202 1722 2277 l.
1781 2204 2134 2307 p.4o6.):
2203 2204 2454 2282 where
2511 2206 2631 2278 the
2680 2225 2930 2281 stanza
2985 2210 3117 2283 has
3170 2209 3288 2312 the
3335 2235 3599 2308 appea-

535 2355 748 2415 'mnce
811 2342 910 2441 qs
948 2344 1148 2437 being
1205 2369 1252 2414 a
1313 2345 1707 2443 quotation,
1775 2344 1831 2411 it
1890 2340 2113 2437 might
2172 2343 2255 2413 be
2316 2343 2770 2441 conjectured
2817 2342 2973 2414 that
3024 2345 3143 2415 the
3190 2345 3602 2416 denomina-

540 2479 685 2550 tion
745 2478 843 2574 <ff
886 2475 1007 2548 the
1068 2501 1391 2547 measure
1453 2501 1614 2550 was
1678 2475 2052 2574 original&
2110 2475 2454 2548 assumed
2478 2476 2689 2575 fmm
2755 2477 2874 2549 the
2932 2477 3295 2576 example.
3404 2476 3608 2549 Haec

541 2614 760 2716 igitur
810 2613 1228 2686 coniectura
1282 2613 1344 2684 si
1394 2613 1714 2713 speciem
1766 2609 2087 2712 aliquam
2136 2614 2293 2684 veri
2342 2608 2594 2704 habet,
2653 2627 2728 2685 et
2777 2610 3004 2686 habet
3053 2636 3227 2686 sane
3273 2626 3359 2685 ut
3395 2613 3602 2712 equi-

544 2747 715 2826 dem
786 2765 1010 2856 puto‚
1094 2746 1282 2824 infra
1354 2751 1549 2823 enim
1610 2745 1807 2823 aliud
1872 2744 2092 2823 huius
2159 2751 2441 2852 generis
2504 2748 2919 2855 exemplum
2983 2744 3599 2855 deprehenditur:

542 2908 718 2995 post
789 2885 1242 2994 Jayadevum
1306 2888 1563 2963 saltem
1624 2890 1803 2964 vixit
1870 2890 1996 2989 qui
2061 2883 2643 2981 Srutabodham,
2721 2886 3073 2962 Kzilidaso
3138 2889 3599 2978 attributum,

549 3028 991 3128 composuit,
1059 3022 1262 3124 quod
1317 3047 1607 3096 carmen
1657 3021 2289 3123 Upendravajram
2341 3023 2660 3123 explicat
2712 3031 2851 3121 (vs,
2878 3027 3037 3121 20.)
3089 3026 3389 3095 nomine
3453 3024 3608 3093 eius

547 3158 828 3234 addito.
900 3156 1167 3257 Neque
1220 3172 1464 3230 tamen
1518 3153 1778 3229 exinde
1816 3160 2292 3257 consequitur
2327 3180 2608 3247 omnes,
2670 3160 2798 3257 qui
2829 3155 2977 3227 hoc
3013 3172 3248 3228 metro
3284 3158 3399 3226 usi
3440 3170 3611 3227 sunt

541 3311 800 3400 poetas
832 3291 1205 3397 Jayadevo
1239 3293 1686 3395 posteriores
1725 3290 1971 3381 fuisse,
2013 3306 2264 3393 potest
2300 3294 2495 3365 enim
2528 3291 2676 3364 hoc
2711 3289 2952 3364 solum
2986 3315 3288 3382 nomen,
3348 3317 3436 3365 ex
3475 3287 3611 3362 Gi-

540 3426 937 3534 tagovindo
1003 3426 1500 3532 desumptum,
1568 3453 1949 3502 mensurae
2001 3431 2400 3529 antiquiori
2451 3424 2768 3502 inditum
2820 3428 3069 3520 fuisse,
3130 3442 3210 3500 ut
3262 3416 3609 3529 exemplo

547 3570 851 3674 probari
899 3583 1184 3672 potest:
1244 3564 1368 3642 Sic
1419 3581 1730 3640 metrum
1776 3564 2211 3642 Kalabansa
2260 3562 2754 3665 (Colebrook.
2796 3592 2877 3667 p.
2903 3564 3077 3639 470.
3112 3562 3320 3640 VIII.
3361 3590 3489 3640 no.
3515 3564 3613 3665 7.)

555 3703 752 3808 apud
806 3704 1317 3779 Mallindelmm
1381 3700 1506 3799 (ad
1559 3699 1878 3803 Sisupzil.
1940 3705 2014 3792 6,
2075 3702 2236 3800 73.)
2302 3726 2576 3777 novum
2626 3727 2901 3775 nomen
2955 3723 3044 3775 ex
3095 3700 3342 3801 Maghi
3398 3726 3613 3777 versu

559 3843 721 3942 ipso
771 3835 1522 3942 fflffifflzff-Rffltffi
1572 3838 1851 3938 accepit
1901 3839 2212 3936 Kutaja.

841 3978 916 4049 4.
996 3971 1446 4049 Permixtum
1504 3968 1816 4072 quodvis
1867 3995 1956 4045 ex
2008 3968 2301 4044 duobus
2352 3973 2602 4044 metris
2654 3993 2879 4071 genus
2931 3983 3235 4043 vocatur
3281 3970 3609 4062 Ξαζηῇ-γς

560 4113 763 4190 mlius
828 4107 1381 4215 quatuordecim
1431 4111 1812 4186 varietates
1865 4110 2182 4183 existunt
2233 4120 2307 4181 et
2364 4131 2533 4182 eum
2584 4108 3045 4211 potissimum
3095 4106 3173 4179 in
3223 4102 3447 4179 finem
3501 4107 3609 4178 in-

565 4250 930 4328 ducuntur
976 4265 1061 4326 ut
1108 4246 1414 4352 rigidior
1461 4248 1607 4342 lex,
1666 4245 1922 4322 eadem
1970 4246 2398 4348 ubieunque
2449 4243 2729 4351 syllaba
2779 4247 2969 4319 arsin
3019 4240 3416 4319 inchoandi
3463 4246 3611 4319 evi·

565 4405 783 4464 tetur.
892 4386 1017 4461 Sic
1078 4388 1466 4461 commixta
1517 4387 1984 4460 inveniuntur
2032 4381 2434 4459 Vansashta
2492 4397 2566 4456 et
2614 4380 3083 4472 Indravansa,
3156 4381 3488 4456 Vaitormi
3543 4397 3618 4453 et

567 4521 801 4597 Salint
861 4518 1043 4619 (vid.
1117 4519 1421 4594 Colebr.
1479 4517 1620 4593 l.l.
1677 4521 2031 4621 p.427.),
2105 4517 2688 4619 frequentissime
2753 4532 2997 4589 tamen
3057 4512 3473 4611 Iudravajra
3544 4529 3620 4586 et

564 4651 1118 4760 Upendravajrfi
1167 4669 1736 4755 componuntur,
1797 4650 1999 4756 quod
2042 4650 2338 4755 quidem
2373 4676 2599 4754 genus
2636 4652 2791 4725 κατ’
2817 4650 2920 4751 ἐξ.
2994 4652 3291 4751 Upojdu‘
3318 4646 3609 4724 dicitur.

564 4793 677 4866 Ex
726 4790 975 4895 regula
1032 4790 1443 4864 Mallimfthi
1489 4785 1612 4886 (ad
1668 4788 1911 4893 Sisup.
1954 4798 2029 4883 3,
2084 4793 2226 4887 1.):
