4126 5595
534 1272 659 1341 49.

531 1819 658 1892 60.

529 2232 657 2306 51.

524 2914 649 2989 62.

1621 528 2065 595 CENTURIA
2119 527 2548 593 SECUNDA.
3451 507 3615 598 103

727 719 945 795 dum:
1014 720 1079 793 si
1140 719 1542 791 taciturnus
1607 733 1754 810 est,
1820 731 2066 791 mutus
2130 730 2438 791 vocatur
2454 727 2501 809 ;'
2547 716 2610 788 si
2672 713 3072 816 eloquens,
3139 731 3488 793 ventosus
3541 733 3616 793 et

724 857 1032 960 loquax3
1091 856 1149 930 si
1203 851 1535 928 adlatus
1591 880 1668 929 se
1720 868 1958 948 tenet,
2014 851 2370 929 molestus
2424 866 2534 926 est
2580 847 2855 945 homo;
2911 854 2973 926 si
3021 877 3113 928 ex
3163 850 3606 958 longinquo,

721 1021 1018 1089 socors;
1085 997 1166 1068 in
1214 995 1568 1097 patientia
1622 996 1920 1097 ignavus
1973 991 2305 1088 videtur3
2360 993 2476 1068 sin
2526 1006 2770 1066 autem
2820 1016 2979 1065 non
3026 992 3336 1095 perfert,
3390 992 3612 1070 simili

722 1129 953 1209 modo
983 1130 1397 1237 'impudens
1450 1149 1782 1208 vocatur.
2512 1140 2516 1144 ’

721 1266 1189 1361 Quibusnam
1239 1266 1541 1341 tandem
1591 1271 1876 1340 bonum
1927 1269 2302 1367 contingat
2353 1292 2443 1340 ex
2477 1265 2852 1340 consortio
2887 1263 3208 1340 hominis
3242 1269 3601 1369 improbi,

722 1402 1250 1503 malignitatem
1281 1427 1583 1503 prorsus
1619 1401 2173 1494 manifestantis,
2234 1398 2597 1493 dissoluti,
2656 1403 2862 1475 cuius
2897 1403 3110 1474 insita
3143 1427 3350 1475 mens
3382 1427 3609 1505 prava

721 1540 802 1613 in
852 1537 1058 1613 malis
1112 1563 1269 1613 sese
1320 1536 1577 1642 prodit
1628 1539 2006 1643 operibus,
2068 1540 2198 1642 qui
2250 1563 2431 1642 opes
2483 1563 2525 1612 a
2576 1536 2872 1614 fortuna
2924 1539 3209 1643 accepit
3258 1554 3333 1616 et
3376 1536 3607 1615 virtu·

720 1693 876 1752 tem
929 1675 1105 1752 odio
1155 1675 1419 1753 habet?

715 1790 943 1893 Initio
1025 1842 1319 1919 magna,
1402 1814 1532 1892 sed
1604 1816 1989 1920 paullatim
2061 1840 2220 1892 sese
2299 1813 2746 1910 dissolvens3
2825 1816 3069 1892 brevis
3144 1831 3392 1910 antea,
3479 1815 3610 1893 sed

717 1969 977 2055 postca
1039 1978 1409 2047 crescens,
1476 1953 1730 2028 similis
1792 1955 2100 2028 umbrae
2162 1951 2308 2026 diei
2376 1950 2987 2027 antemeridianae
3040 1967 3117 2027 et
3163 1968 3340 2056 post
3388 1956 3606 2028 meri·

720 2086 948 2182 diem,
1007 2103 1120 2165 est
1170 2091 1485 2164 amicitia
1537 2116 1706 2164 cum
1755 2089 1965 2164 malis
2016 2089 2387 2193 bonisque
2439 2086 2892 2163 hominibus.
3018 2130 3024 2137 ·

713 2227 945 2325 Foris,
1002 2229 1328 2336 piscibus
1380 2243 1602 2334 atquc
1652 2228 1936 2335 probis,
1980 2229 2275 2334 'quibus
2327 2225 2584 2323 herba,
2617 2284 2621 2291 .
2657 2252 2847 2333 aqua
2899 2239 2975 2303 ct
3026 2227 3234 2330 quies
3284 2221 3603 2304 destina·

714 2386 836 2446 tae
870 2385 1068 2464 sunt,
1107 2385 1519 2466 venatores,
1561 2373 1961 2475 piscatores
1998 2386 2075 2447 et
2105 2368 2665 2446 calumniatores
2699 2392 2992 2473 semper
3023 2369 3102 2443 in
3133 2366 3283 2444 hoc
3312 2349 3601 2444 mundo

716 2523 889 2584 sunt
939 2534 1218 2584 osores.

1651 2804 1744 2851 DB
1794 2804 2006 2853 Bonus
2053 2804 2479 2887 nommnps.
2517 2790 2524 2797 '

707 2910 1178 2989 Desiderium
1230 2916 1586 2989 consortii
1635 2914 2037 3008 bonorum,
2094 2918 2501 3018 propensio
2554 2918 2634 2989 in
2657 2914 2988 2995 ‚virtutes
3021 2912 3321 3008 alienas,
3352 2938 3599 2991 ·vene·

581 3082 584 3086 ⁴
709 3055 897 3127 ratio
976 3078 1144 3156 erga
1218 3069 1822 3157 praeceptorem,
1902 3050 2127 3129 ardor
2187 3056 2266 3128 in
2324 3050 2816 3129 eruditionem
2835 3092 2860 3146 ,·
2938 3080 3134 3136 cum,·
3170 3079 3300 3130 sua
3373 3055 3601 3157 ipsius

525 3600 651 3671 63.

521 4010 649 4080 64.

715 3214 948 3265 uxore
998 3190 1368 3291 voluptas,
1425 3205 1664 3264 metus
1716 3215 1757 3263 a
1811 3186 2069 3263 mundi
2117 3192 2515 3292 vituperio,
2575 3187 2876 3267 devotio
2931 3215 3096 3292 erga
3150 3189 3432 3285 Sivum,
3491 3190 3597 3267 fa·

715 3323 945 3400 cultas
996 3351 1154 3400 sese
1205 3329 1448 3428 ipsum
1499 3323 1871 3429 regendi,
1909 3328 2192 3401 aversio
2256 3328 2349 3401 ab
2402 3327 2726 3430 improbi
2778 3325 3349 3404 consuetudine:
3390 3328 3597 3405 tales

714 3462 845 3533 ubi
896 3476 1446 3535 commorantur
1496 3460 1824 3535 candidis
1874 3464 2266 3538 virtutibus
2303 3466 2568 3555 ornati,
2621 3463 2771 3537 illis
2817 3463 3241 3539 hominibus
3276 3467 3370 3540 sit
3402 3464 3587 3540 laus!

708 3596 799 3670 In
848 3597 1072 3672 rebus
1124 3596 1444 3674 adversis
1494 3596 1798 3673 firmitas
1826 3613 1926 3673 -et
1974 3601 2054 3672 in
2104 3597 2401 3674 fortuna
2434 3625 2714 3702 aequus
2744 3603 3055 3694 animus,
3112 3603 3192 3676 in
3227 3616 3448 3677 coetu
3485 3600 3602 3675 fa-'

710 3732 1003 3827 cundia,
1062 3738 1139 3809 in
1190 3734 1397 3811 bello
1452 3732 1843 3829 fortitudo,
1901 3737 1981 3811 in
2032 3740 2465 3811 auctoritate
2500 3736 2937 3831 humanitas,
2964 3777 2966 3781 ·
2994 3736 3217 3816 ardor
3246 3742 3337 3815 in'
3358 3737 3593 3815 libros

710 3871 1223 3947 sacrosz'haec
1275 3888 1385 3946 est
1434 3875 1696 3949 nativa·
1739 3856 2370 3975 magnanimorum
2424 3852 2740 3949 indoles.
3379 3957 3389 3975 ,

704 4006 1018 4080 Donum
1069 4007 1498 4083 clanculum
1538 4005 2001 4102 distribuere,
2061 4007 2343 4112 hospiti
2392 4008 2683 4085 solitam
2733 4012 3089 4113 praebere
3142 4014 3586 4104 comitatem,

705 4156 881 4242 post
928 4141 1123 4215 bene
1174 4142 1450 4217 factum
1499 4158 1772 4237 tacere,
1831 4169 2078 4248 neque
2129 4148 2208 4219 in
2270 4161 2492 4221 coetu
2550 4142 2645 4221 de
2709 4169 2883 4249 ope,
2940 4145 3588 4250 alicuipraestita,

707 4280 1127 4356 sermonem
1179 4280 1462 4376 sacere;
1529 4282 1611 4357 in
1661 4281 1958 4358 fortuna
2010 4281 2332 4361 secunda
2368 4310 2551 4361 non
2612 4284 3018 4389 superbire,
3086 4308 3330 4388 neque
3370 4284 3591 4361 {abie-

706 4423 872 4495 ct'os
923 4417 1019 4496 de
1071 4421 1230 4495 aliis
1271 4421 1524 4498 facere
1575 4447 1990 4499 sermones.
2047 4422 2233 4500 haec
2282 4425 2715 4530 proborumr
2745 4449 3025 4527 aspera,
3059 4424 3381 4500 ensibus
3429 4448 3589 4496 mu-

706 4561 861 4635 nita
913 4574 1005 4635 et
1041 4586 1082 4634 a
1133 4560 1429 4637 nemine
1479 4577 1880 4638 monstrata
1933 4578 2043 4639 est
2091 4566 2236 4641 via.

528 4701 654 4772 66.

706 4698 937 4771 Manu
1001 4700 1401 4801 optimum
1427 4698 1784 4803 quodque
1850 4698 2257 4795 dimittere;
2338 4703 2576 4806 capite
2639 4698 2731 4775 ad
2796 4701 3296 4804 praeceptoris
3361 4694 3590 4802 pedes

711 4857 788 4906 se
850 4850 1354 4934 prosternere·
1337 4892 1359 4929 ,
1429 4859 1561 4911 ore
1622 4862 1792 4912 vera
1855 4838 2107 4942 loqui;
2175 4837 2494 4912 brachiis
2557 4838 3018 4913 vincentibus
3083 4833 3585 4911 fortitudinem

713 4984 1116 5045 monstrare
1177 4972 1862 5076 incomparabilem3
1931 4977 2010 5049 in
2063 4977 2311 5048 animo
2365 4975 2849 5049 constantiam
2908 4997 3221 5069 servare,
3286 4970 3582 5045 auribus
