4126 5595
1715 527 1971 587 mmm
2025 526 2423 589 TERTHJS.
3431 514 3601 609 217

673 723 899 786 leviora
939 721 1243 804 corrigere
1281 719 1583 798 nolumus,
1629 733 1926 800 sperantes
1976 720 2109 808 sore
2147 732 2211 780 ιιι
2260 720 2564 799 pauciores
2600 720 2865 785 virorum
2904 725 3215 788 doctorum
3255 731 3462 811 quibus
3499 732 3601 795 illa

675 837 861 899 editio
887 839 949 899 in
975 860 1141 899 usum
1169 837 1384 915 veniat,
1419 836 1732 919 sphalmata
1760 837 1930 898 facile
1953 837 2325 919 perspiciant.

539 959 628 1022 14.
676 957 894 1020 Sensus
919 956 1091 1020 huius
1117 979 1313 1020 versus
1343 957 1439 1018 hic
1469 969 1581 1019 est:
1619 957 1806 1019 multo
1837 955 2129 1018 difficilius
2156 976 2301 1035 esse,
2328 976 2531 1018 omnes
2558 955 2767 1037 quibus
2795 956 3045 1021 fruimur
3070 982 3213 1044 opes
3241 984 3312 1026 ex
3352 965 3599 1031 consilio

672 1076 954 1155 abiicere,
987 1089 1054 1138 ut
1079 1077 1190 1138 viri
1227 1077 1330 1157 pii,
1366 1077 1465 1156 qui
1496 1077 1812 1140 devotione
1835 1098 2123 1139 summum
2149 1096 2367 1137 numen
2401 1088 2830 1160 cognoverunt,
2865 1069 3152 1162 W
3183 1073 3448 1152 ffiffiw:
3490 1085 3603 1168 (sie

670 1196 828 1257 enim
856 1195 917 1257 in
941 1194 1176 1257 scholiis
1203 1195 1569 1280 legendum),
1607 1194 1855 1266 faciunt3
1891 1216 2061 1274 quam
2090 1194 2441 1255 desiderium
2468 1194 2528 1254 in
2557 1215 2649 1257 eas
2677 1216 2791 1272 res,
2818 1217 2954 1277 quas
2980 1217 3056 1258 ne
3082 1200 3443 1278 possidemus
3469 1204 3602 1284 qui-

670 1314 804 1375 dem
845 1326 904 1374 et
930 1336 1068 1394 quas
1093 1335 1254 1394 spem
1283 1314 1501 1373 nullam
1537 1313 1812 1373 habemus
1842 1325 1906 1374 ut
1932 1313 2343 1394 possideamus,
2377 1312 2635 1375 vincere.
2717 1313 2890 1376 Circa
2925 1314 3243 1378 lectionem
3280 1321 3440 1399 quod
3465 1321 3601 1382 atti-

675 1444 800 1508 net,
838 1431 989 1493 Cod.
1014 1433 1108 1507 B„
1144 1453 1399 1510 quocum
1428 1431 1764 1511 conspirant
1791 1430 1993 1492 Schol.
2025 1430 2176 1492 Cod.
2194 1427 2267 1490 A.
2295 1431 2480 1492 secuti
2506 1453 2719 1492 sumus.

538 1560 627 1610 15.
672 1549 963 1633 Depingit
987 1551 1272 1611 sententia
1299 1549 1634 1624 felicitatem
1667 1551 2034 1626 devotorum,
2062 1550 2184 1631 qui,
2213 1548 2481 1611 omnibus
2508 1549 2682 1611 rebus
2709 1548 2971 1613 humanis
2999 1551 3357 1634 posthabitis,
3385 1554 3447 1616 in
3464 1577 3600 1639 spe-

672 1668 855 1731 luncis
893 1683 1091 1732 mente
1127 1670 1188 1731 in
1229 1653 1428 1731 lumen
1465 1690 1801 1752 supremum
1840 1669 1963 1732 sive
2003 1669 2313 1732 Brabmam
2354 1669 2481 1748 fixa,
2516 1681 2632 1731 tam
2671 1669 2867 1750 quiete
2905 1669 3184 1752 habitant,
3221 1687 3287 1736 ut
3324 1694 3459 1739 aves
3498 1696 3598 1739 ae·

669 1789 879 1850 cedant
917 1801 1092 1872 atque
1134 1790 1195 1850 in
1230 1790 1489 1871 ipsorum
1531 1789 1761 1872 gremio
1790 1789 1992 1850 nidum
2018 1789 2130 1851 sibi
2168 1803 2395 1871 parent,
2432 1801 2499 1850 ut
2525 1802 2611 1851 est
2636 1789 2697 1849 in
2722 1795 3054 1851 Sakuneala
3080 1815 3137 1873 p.
3159 1793 3300 1861 1494
3344 1791 3601 1864 ἡπεῑιτῆ

664 1899 1096 1999 πρὲι-άῆτῦῐῖἦῇ
1127 1904 1571 1975 &Halm
1607 1929 1631 1968 ιι
1674 1908 1833 1987 quod
1861 1928 1936 1993 ne
1965 1907 2093 1987 quis
2127 1907 2513 1988 hyperbolice
2541 1908 2758 1969 dictum
2786 1920 2970 1988 putet,
2999 1908 3316 1972 hodiernos
3344 1910 3406 1972 in
3431 1912 3602 1976 India

661 2025 1022 2103 Tapasvinos
1076 2024 1136 2082 in
1176 2036 1431 2083 mentem
1476 2036 1719 2083 revocet
1759 2024 2072 2102 quietismo
2119 2035 2236 2084 tam
2274 2022 2604 2085 immobiles
2646 2035 2709 2084 ut
2748 2025 2809 2084 in
2849 2025 3109 2105 ipsorum
3152 2047 3409 2107 corpore
3472 2029 3600 2091 for-

667 2139 880 2201 miceta
915 2138 1287 2201 accumulent
1326 2139 1623 2201 formicae.
1701 2144 1851 2199 Aves
1891 2140 2040 2202 haud
2072 2139 2248 2201 dubie
2277 2139 2393 2201 h.l.
2420 2153 2557 2203 sunt
2585 2140 2847 2220 Chataki,
2882 2163 3028 2232 qnae
3057 2151 3352 2224 nunquam
3380 2144 3508 2206 sere
3535 2145 3601 2206 in

670 2259 969 2321 hominum
1024 2259 1320 2322 consortio
1374 2259 1578 2323 vivunt
1628 2271 1688 2321 et
1736 2259 1965 2342 pluviae
2019 2272 2239 2322 tantum
2276 2260 2457 2346 guttis
2494 2260 2650 2324 vesci
2689 2260 2982 2324 dicuntur.
3061 2261 3303 2325 Talibus
3349 2263 3601 2344 devotis,

669 2401 921 2461 quorum
962 2380 1076 2442 vita
1100 2379 1415 2458 salutifera,
1449 2397 1543 2474 qa
1573 2368 1687 2444 ἓωῗ
1717 2398 1851 2473 mg:
1888 2368 2065 2446 mt‘w'u·
2096 2370 2261 2446 &aa
2297 2380 2522 2461 Sehoh,
2550 2380 2817 2444 homines
2854 2383 3175 2446 mundanos
3218 2386 3467 2467 opponit
3492 2406 3601 2449 vo-

668 2500 982 2583 luptatibus
1019 2501 1324 2579 inhiantes,
1359 2501 1516 2563 inter
1551 2522 1690 2582 quas
1726 2514 2258 2563 commemorantur
2295 2511 2458 2562 lacus
2488 2515 2548 2564 et
2575 2510 2736 2577 ripae
2772 2503 2834 2564 in
2862 2503 3086 2566 deliciis
3115 2504 3365 2584 habitae,
3403 2517 3464 2568 et
3485 2496 3600 2572 ffl-

665 2619 906 2687 πεπιτῐὲῐ
943 2629 1280 2681 ινιῖιᾈαήάηι
1315 2621 1437 2683 sive
1477 2603 1869 2719 παράδεισος
1909 2641 2085 2702 quem
2124 2643 2230 2683 nos
2265 2627 2435 2681 Parlc
2470 2622 2853 2703 appellamus;
2886 2612 3213 2717 &ffiffi‘iffffi
3246 2625 3319 2684 ad
3356 2643 3603 2706 praece·

668 2740 862 2801 «lentia
899 2740 959 2801 in
1001 2740 1332 2804 universum
1369 2740 1646 2823 pertinet.
1728 2741 1846 2801 Has
1882 2760 2028 2802 vero
2070 2743 2221 2802 vitae
2259 2739 2564 2801 suavitates
2609 2760 2685 2801 ne
2724 2741 3082 2822 possidemus
3119 2743 3357 2823 quidem
3395 2762 3603 2806 omnes

664 2858 768 2919 sed
804 2858 974 2920 nobis
1012 2859 1340 2942 effingimus
1380 2870 1623 2936 tantum,
1673 2876 1866 2938 neque
1907 2858 2065 2918 enim
2107 2857 2421 2941 legendum
2460 2854 2732 2947 ΞΠῆ-ῐῆπ
2770 2877 2950 2917 antea
2987 2868 3282 2918 collectum
3321 2860 3424 2921 sed
3470 2882 3605 2922 cum

665 2975 907 3038 Cod.A.
937 2989 997 3039 et
1024 2978 1282 3039 eiusdem
1309 2975 1544 3039 scholiis
1568 2973 1833 3066 Ξῑῐῖΐέιπ,
1861 2975 2017 3036 unde
2046 2974 2287 3037 Scholia
2317 2974 2607 3057 explicant
2630 2972 2916 3042 ῑτῐτήῇπιτι
2944 2993 3087 3065 effu:
3115 2968 3280 3044 ᾱῇἶτι
3314 2991 3374 3041 et
3399 2978 3462 3041 in
3487 2980 3605 3042 fine

661 3086 867 3163 ηπεέῐδῐ
894 3082 1114 3187 ιττῇἶῆι
1141 3116 1354 3177 W
1376 3115 1557 3163 ιῐδΠῖῐι
1589 3097 1908 3180 RogcrIus:
1935 3121 2082 3154 nous
2096 3101 2335 3171 saisons
2362 3120 2494 3177 avec
2518 3121 2625 3155 nos
2645 3105 2902 3169 pens-les.
2958 3095 3222 3157 Verbum
3250 3089 3601 3189 andreg-

669 3215 742 3275 de
779 3214 1113 3277 fictionibus
1149 3216 1398 3295 poeticis
1437 3225 1746 3294 usurpatur
1787 3212 1865 3274 cf.
1905 3235 1986 3274 vs.
2007 3226 2096 3275 18.
2136 3222 2197 3273 et
2234 3217 2482 3273 Sakune.
2508 3234 2567 3293 p.
2587 3223 2679 3276 52.
2728 3245 2808 3259 —
2854 3213 2928 3272 In
2957 3212 3199 3275 Cod.A.
3235 3231 3603 3308 We

671 3339 852 3402 guttis
879 3340 1270 3407 lacrymarum
1297 3331 1531 3414 legitur.

539 3451 626 3507 16.
675 3448 1028 3508 Miserorum
1071 3449 1338 3529 deplorat
1376 3459 1595 3509 sortem
1624 3447 1744 3527 qui,
1772 3457 2023 3508 centone
2050 3445 2240 3506 induti
2266 3445 2663 3506 mendicantes
2688 3446 2890 3508 vivere
2917 3466 3087 3525 quam
3119 3446 3405 3510 desideria
3432 3471 3602 3512 com-

666 3584 910 3645 pescere
949 3565 1198 3636 malunt;
1237 3565 1670 3649 distinguuntur
1709 3563 1926 3624 etenim
1957 3562 2101 3624 tales
2124 3582 2157 3622 a
2184 3562 2464 3624 mendicis
2492 3562 2802 3645 religiosis,
2839 3564 2912 3624 de
2941 3563 3151 3643 quibus
3176 3562 3346 3627 infra.
3423 3558 3602 3633 πῦῆπ

667 3703 776 3763 pro
805 3682 1106 3744 usitatiore
1133 3680 1311 3748 trffiw
1333 3691 1617 3750 sordidus,
1656 3702 1724 3743 ex
1754 3680 1905 3742 cod.
1923 3684 1993 3742 B.
2022 3682 2083 3741 in
2108 3675 2220 3745 *πῆ
2242 3697 2300 3744 ’ἓῐ
2325 3680 2687 3741 mutavimus.
2767 3680 3006 3741 Scholia
3034 3682 3456 3746 desiderantur.

539 3808 627 3864 17.
675 3800 979 3861 Sententia
1004 3801 1317 3862 admodum
1343 3802 1541 3882 putida
1569 3812 1628 3861 et
1650 3799 1892 3862 sordido
1921 3799 2139 3860 devoto
2168 3798 2361 3882 digna,
2397 3818 2567 3877 quam
2605 3796 2790 3878 pudet
2827 3798 3023 3860 multis
3062 3800 3369 3881 explicare.
3445 3798 3601 3863 eod.

672 3919 742 3977 B.
781 3913 995 3981 επίἒῐπὲτ
1031 3919 1330 3999 proponit,
1366 3918 1524 3997 quod
1563 3917 2013 3998 praeferendum
2051 3916 2255 3996 utique
2294 3927 2444 3977 esset
2470 3926 2677 3995 utpote
2703 3915 2883 3997 magis
2910 3916 3222 3992 ironicum,
3256 3916 3367 3976 nisi
3394 3917 3605 3978 crede-

675 4055 799 4095 rem
840 4034 902 4094 in
926 4032 1143 4125 πῆῖῐῑ
1169 4048 1228 4097 et
1249 4031 1470 4123 εκῇᾶῖ
1493 4034 2027 4095 adnominationem
2054 4032 2370 4113 quaesitam
2399 4052 2542 4093 esse.
2621 4033 2693 4091 In
2725 4031 2931 4092 Schol.
2959 4033 3070 4092 Ed.
3102 4033 3197 4093 Sr.
3232 4043 3296 4092 ιιι
3320 4032 3380 4093 ἰη
3411 4032 3603 4095 codd.

649 4151 989 4232 ,legendum
1018 4165 1103 4213 est
1125 4169 1244 4242 ειη-ε
1272 4151 1535 4218 stu-sm&
1559 4172 1668 4232 pro
1693 4147 1834 4242 ξεῖ-ξι
1861 4148 2147 4242 W,
2176 4149 2287 4209 h.l.
2317 4148 2473 4209 enim
2497 4164 2599 4237 επ(-
2625 4169 2745 4208 ιιοιι
2773 4148 3190 4229 proboscidem
3217 4150 3319 4210 sed
3346 4148 3605 4212 frontem

676 4269 971 4352 elephanti
996 4270 1303 4357 significat,
1338 4272 1456 4333 vid.
1483 4270 1680 4356 Sring.
1697 4283 1751 4334 5.

542 4406 629 4457 18.
676 4393 896 4454 Denuo
923 4394 1287 4476 quaerendus
1314 4405 1438 4456 erat
1457 4414 1657 4455 versus
1684 4392 1784 4475 qui
1809 4390 2163 4475 vituperium
2184 4411 2381 4454 rerum
2400 4387 2749 4453 sensualium
2771 4388 3207 4472 quodammodo
3234 4388 3609 4472 exprimeret,

674 4538 855 4597 quum
895 4515 1050 4576 aliud
1090 4515 1151 4576 in
1180 4515 1285 4577 hac
1314 4536 1377 4577 re
1408 4514 1684 4577 iudicium
1712 4513 1978 4576 criticum
2006 4537 2242 4597 prorsus
2270 4512 2494 4574 nullum
2522 4533 2585 4575 se
2614 4512 2951 4595 praeberet;
2985 4532 3180 4593 neque
3210 4511 3389 4589 enim,
3433 4531 3603 4592 quam

672 4636 972 4721 Rogerius
998 4637 1281 4713 exhibuit,
1307 4637 1592 4700 sententia
1620 4636 1859 4718 septima
1890 4638 1976 4717 (p.
1997 4638 2153 4715 297.)
2182 4636 2336 4697 inter
2361 4634 2752 4696 Bhartriharis
2781 4632 3021 4695 disticha
3048 4630 3362 4713 reperitur.
3402 4630 3603 4716 Elegi-

679 4777 803 4815 mus
842 4755 1021 4838 igitur
1048 4776 1118 4816 ex
1146 4756 1301 4817 libro
1328 4757 1587 4817 secundo
1617 4755 1987 4832 versiculum,
2022 4755 2082 4815 in
2112 4754 2268 4815 Edit.
2297 4755 2391 4816 Sr.
2417 4754 2797 4815 centesimum
2827 4754 2916 4833 (p.
2934 4751 3077 4827 59.),
3114 4749 3275 4809 cuius
3301 4768 3442 4809 vero
3465 4768 3600 4809 sen-

677 4894 801 4931 sum
823 4894 960 4932 num
987 4871 1141 4932 bene
1168 4873 1636 4954 perspexerimus
1663 4873 1762 4935 alii
1783 4872 2014 4934 videant
2040 4871 2211 4934 nobis
2238 4870 2712 4953 perspicaciores.
2748 4866 3036 4949 Imagines
3060 4876 3257 4946 aperte
3283 4881 3351 4923 ex
3374 4881 3599 4947 genere

2897 4979 2990 5042 28
