4126 5595
520 527 694 616 240
1009 545 1097 607 ιΝ
1151 537 1796 604 nnAn‘rmnAms
1855 531 2342 600 CENTumAs
2402 536 3110 608 COMMENTARIUS.

523 759 616 817 97.
664 747 788 808 Per
814 749 1080 803 animum
1105 747 1381 801 anet-itum
1406 744 1726 798 stillantem
1753 754 1887 795 eum
1916 732 2197 820 intelligit
2223 734 2323 815 qui
2350 735 2547 799 omnia
2574 748 2807 800 terrena
2836 738 2999 801 exuit
3026 750 3086 802 et
3110 740 3318 802 summi
3343 741 3597 804 numinis

663 855 1008 948 cognitione
1033 861 1267 945 gaudet,
1301 858 1422 919 sive
1448 856 1727 934 hominis,
1764 867 1830 917 ut
1856 854 2060 917 Schol.
2096 855 2292 918 verbis
2319 856 2600 919 dicamnsz
2631 874 2989 924 mnam
3018 849 3441 946 ᾗπιπῑὲιῦπὲπ
3470 878 3596 950 sq..

661 974 1194 1064 Wffiffiw
1237 996 1262 1036 n
1331 972 1487 1034 Illud
1512 985 1707 1034 autem
1733 966 2086 1035 {vocabulum
2114 993 2233 1052 quo
2259 984 2529 1053 tanquam
2559 973 2694 1036 cibo
2720 975 2906 1036 utitur
2929 980 3203 1036 Bmhma
3228 989 3335 1053 est,
3366 974 3601 1042 ἥπτετ-

665 1111 867 1179 W
907 1114 932 1154 ιι
976 1094 1125 1175 (vid.
1161 1098 1752 1151 mnatsctamannum
1776 1101 1979 1171 p.128.
2019 1088 2083 1148 in
2122 1088 2413 1169 Sancar.).
2493 1091 2566 1150 In
2600 1089 2728 1152 sola
2767 1090 2925 1152 Edit.
2957 1092 3053 1153 Sr.
3095 1105 3277 1155 exstat
3316 1094 3601 1155 sententia

667 1235 726 1296 p.
747 1223 871 1289 105.
1774 1296 1779 1302 .

530 1343 619 1401 98.
664 1329 946 1393 Videmus
987 1328 1061 1391 ad
1098 1348 1269 1409 quam
1308 1325 1538 1388 duxerit
1574 1324 1926 1389 dementiam
1960 1324 2270 1408 pulchrum
2298 1345 2407 1408 per
2432 1346 2496 1389 se
2518 1347 2587 1389 ac
2612 1325 3093 1410 sapientissimum
3121 1342 3497 1413 praeceptum
3525 1329 3602 1391 de

669 1450 847 1514 rebus
884 1447 1136 1513 externis
1164 1445 1607 1511 contemnendis
1633 1458 1695 1509 et
1721 1436 2081 1532 cogitatione
2107 1445 2304 1509 salutis
2332 1467 2476 1532 ergo
2503 1447 2565 1509 in
2592 1449 2790 1512 Deum
2817 1447 3150 1534 dirigenda:
3184 1451 3312 1515 vult
3334 1450 3603 1514 sordidus

665 1584 873 1636 auctor
909 1605 1000 1664 -Ι
1026 1590 1148 1633 non
1185 1569 1343 1630 idem
1368 1568 1759 1631 Bhartriharis
1799 1566 1901 1628 ille
1928 1568 2030 1649 qui
2053 1567 2242 1630 Nitim
2271 1569 2600 1651 composuit
2637 1604 2717 1618 —
2753 1582 2820 1633 ut
2845 1568 3163 1635 bestiarum
3188 1592 3358 1635 more
3383 1574 3603 1653 (W-

665 1683 928 1760 εῇῃῃτπι
970 1689 1220 1776 ιξτπζσι)
1262 1687 1323 1746 in
1363 1687 1539 1767 sylvis
1567 1689 1840 1768 degamus
1863 1686 1936 1745 ad
1961 1706 2235 1746 sensuum
2262 1686 2690 1749 oblectamenta
2718 1689 2986 1750 evitanda
3012 1702 3073 1751 et
3096 1712 3375 1752 summam
3401 1691 3603 1771 persc-

671 1808 929 1871 ctionem
964 1805 1363 1868 obtinendam.
1443 1803 1699 1883 Serpens
1738 1818 1905 1861 veneo
1942 1801 2099 1883 pasci
2136 1813 2372 1881 putatur
2411 1815 2476 1863 ut
2510 1804 2664 1884 apud
2691 1804 2997 1868 Hebraeos
3013 1817 3264 1881 pulvere,
3297 1806 3402 1869 scd
3427 1806 3601 1867 simul

671 1927 811 1989 latet
848 1926 912 1986 in
945 1921 1104 2003 Ρρεπ
1137 1920 1449 1997 vocabulo,
1482 1918 1781 2001 speciatim
1821 1919 1896 1979 de
1936 1919 2114 1980 caede
2141 1919 2471 1980 animalium
2501 1933 2799 2001 usurpato,
2833 1922 3060 1984 nullum
3088 1946 3220 1986 cum
3246 1923 3463 2007 pabulo
3491 1923 3600 1987 illo

670 2045 890 2108 crimen
928 2061 1054 2103 esse
1095 2041 1495 2116 coniunctum,
1531 2037 1693 2119 quod
1732 2037 1886 2098 bene
1913 2036 2062 2100 vidit
2088 2036 2187 2117 qui
2214 2036 2544 2121 Rogerium
2576 2037 2997 2122 francogallico
3023 2061 3297 2104 sermone
3326 2041 3605 2103 reddidit:

672 2166 925 2225 Bramm
949 2185 991 2220 a
1014 2168 1272 2220 ordonn!
1291 2183 1403 2219 une
1427 2165 1636 2219 viande
1653 2180 1806 2233 pour
1830 2167 1912 2217 les
1937 2180 2191 2231 serpens.
2230 2179 2376 2215 sans
2404 2164 2575 2232 qu’on
2601 2168 2699 2216 tue·
2721 2165 2864 2227 n'en,
2890 2167 2994 2237 qui
3013 2176 3101 2220 ese
3125 2168 3177 2220 1ο
3200 2178 3354 2221 vene.
3407 2160 3607 2223 Verba

672 2280 900 2366 belgica
935 2281 1116 2363 (apud
1142 2285 1503 2354 Παρμενίωνι
1529 2276 1666 2339 Asia
1692 2298 1749 2358 p.
1766 2276 1886 2355 30.)
1923 2296 2048 2337 rem
2086 2277 2278 2336 minus
2304 2286 2574 2357 tangunt:
2606 2280 2904 2336 Bramme
2939 2283 3096 2355 hesse
3118 2287 3189 2337 de
3213 2287 3352 2339 wine
3376 2302 3516 2338 voor
3538 2289 3607 2338 de

671 2409 917 2469 slangen
953 2414 1038 2456 tot
1074 2421 1177 2455 een
1215 2421 1403 2470 ερχιο,
1441 2404 1536 2453 hee
1570 2418 1713 2465 gras
1750 2415 1891 2451 vom·
1926 2401 1996 2450 de
2030 2399 2254 2450 beeseen
2281 2398 2557 2462 εισι-ἠΰτε.
2634 2397 2793 2451 ,Dese
2816 2417 2927 2468 an
2951 2417 3053 2452 een
3078 2417 3152 2452 en
3176 2404 3248 2454 de
3271 2405 3417 2454 selue
3440 2419 3607 2470 spyzc

670 2537 744 2573 sn
784 2521 1062 2572 »immund
1094 2521 1192 2588 (sd
1227 2520 1371 2569 daer-
1410 2518 1617 2568 nadeel
1652 2517 1740 2585 by.
1817 2509 2188 2592 Incongruae
2226 2506 2378 2567 Cod.
2395 2507 2465 2566 B.
2506 2506 2791 2569 lectiones
2815 2521 2978 2570 sunt:
3009 2524 3156 2575 δπῖῐ
3191 2506 3506 2603 W
3533 2508 3609 2571 ad

672 2651 905 2695 versum
931 2635 1004 2699 96
1032 2629 1275 2691 forsitan
1300 2627 1679 2710 respicientes
1717 2625 1820 2686 ubi
1845 2635 2043 2686 aeeloer
2066 2625 2247 2687 frater
2273 2624 2615 2700 vocabatur3
2651 2625 2788 2687 dein
2810 2642 2952 2714 qu:
2981 2648 3092 2710 pro
3111 2644 3249 2719 ger:
3278 2626 3525 2710 praebet
3548 2640 3611 2688 et

672 2746 810 2817 aa&
834 2772 1058 2826 semper
1084 2748 1224 2813 loco
1248 2764 1417 2827 Εἷὲπ
1441 2774 1513 2802 =
1534 2734 1873 2837 WB!-

542 2879 634 2941 99.
682 2869 900 2931 Sensus
941 2879 1056 2931 est:
1088 2867 1339 2929 mundus
1377 2865 1505 2929 vult
1542 2865 1756 2947 decipi,
1791 2844 2117 2947 decipiatur
2156 2886 2331 2950 ergo;
2367 2887 2475 2928 nos
2511 2875 2706 2928 autcm
2747 2866 2948 2931 devoti
2985 2878 3047 2931 et
3071 2868 3267 2932 animo
3293 2869 3508 2931 sinceri
3533 2867 3608 2928 li-

681 2988 894 3049 benter
932 2983 1185 3048 diuinam
1222 2985 1380 3046 illam
1420 3003 1589 3064 quam
1614 2983 1677 3042 in
1704 2996 1978 3065 promptu
2005 2982 2303 3061 habemus,
2341 2984 2593 3045 numinis
2620 2985 2919 3047 scientiam
2948 2987 3332 3068 impertimus.
3413 2988 3606 3048 Voca-

681 3102 886 3165 bulum
907 3097 1067 3165 πτΐέτ
1089 3101 1240 3181 apud
1271 3098 1563 3180 Careyum
1589 3098 1651 3157 in
1679 3098 1868 3160 lexico
1896 3099 2140 3178 Bengal.
2169 3107 2581 3158 scurrilitatem
2608 3100 2855 3173 indicat;
2888 3125 3001 3164 vox
3026 3104 3258 3165 videtur
3286 3103 3609 3183 composita

681 3240 751 3281 ex
773 3232 847 3282 τπ
872 3242 988 3277 vox
1015 3229 1076 3278 et
1099 3212 1260 3281 urs&
1283 3223 1478 3283 series,
1521 3222 1685 3288 eopia
1711 3225 1776 3274 ut
1801 3226 2021 3295 puncto
2045 3213 2377 3294 subscripto
2405 3215 2680 3277 Editores
2707 3216 2946 3277 Sriram.
2974 3217 3236 3279 indicare
3263 3217 3608 3280 voluerunt:

675 3336 855 3401 verba
895 3335 1078 3421 igitur
1116 3335 1365 3400 obscura
1398 3345 1459 3396 et
1499 3331 1744 3396 confusa
1786 3333 2026 3394 denotat
2065 3331 2297 3413 (Schol.
2327 3328 2598 3398 Πτῗέϊπῒέῐ
2623 3345 2889 3397 nostrum
2913 3338 3320 3418 eali‘rriaehms)
3346 3337 3449 3400 sed
3478 3360 3609 3401 cum

679 3456 928 3520 notione
947 3460 1187 3533 fraudate
1217 3454 1551 3532 coniuncta,
1587 3472 1767 3534 quare
1794 3452 2109 3535 sapientiae
2137 3464 2534 3535 opponuntur.
2612 3459 2847 3531 Leporis
2884 3480 3063 3516 cornu
3090 3478 3201 3539 pro
3237 3478 3305 3520 re
3341 3457 3510 3520 nihili
3545 3479 3611 3521 ac

683 3596 830 3641 vana
855 3575 1160 3639 babuimus
1182 3581 1310 3636 Nica·
1330 3587 1384 3639 5.
1415 3572 1565 3637 Cod.
1580 3573 1649 3635 B.
1678 3571 1948 3634 ultimum
1976 3571 2211 3636 distichi
2235 3572 2563 3635 membrum
2592 3572 2768 3660 legit:

1513 3708 1648 3784 ζζᾙ
1678 3689 1983 3760 ππίέῐσπίῐ
2019 3682 2067 3755 ἢ
2096 3688 2441 3772 Πζῐῖστὶἦτῆ
2472 3689 2576 3756 s&
2612 3712 2638 3752 ιι

642 3887 646 3892 .
683 3821 785 3888 qui
803 3819 1012 3884 magns·
1030 3818 1215 3869 devoti
1234 3818 1328 3869 vel
1349 3817 1556 3882 leporis
1586 3832 1765 3868 mma
1788 3815 2039 3866 darent?
2089 3810 2307 3870 Fateor
2332 3807 2683 3869 versiculum
2710 3808 2871 3868 hune
2898 3821 2959 3869 et
2983 3811 3245 3889 proxime
3270 3824 3612 3891 sequentem

686 3929 832 3989 mihi
871 3928 934 3987 in
959 3927 1069 3988 bac
1096 3926 1314 3987 decade
1347 3924 1669 4006 paullulum
1698 3943 1821 3985 esse
1844 3936 2165 4005 suspectos,
2199 3922 2305 3983 sed
2343 3922 2541 4005 quales
2578 3922 2695 3985 sint
2731 3922 3120 3986 substituendi
3145 3926 3451 4011 ambiguus
3473 3927 3614 3989 bae-

686 4063 817 4122 reo‚
851 4043 1034 4127 igitur
1057 4044 1268 4105 seriem
1294 4042 1531 4103 turbare
1558 4039 1746 4101 nolui.

558 4174 678 4227 ¹00.
716 4161 1008 4239 Querelas
1045 4160 1237 4223 fundit
1271 4161 1559 4225 sententia
1600 4160 1674 4222 de
1713 4159 1982 4245 neglecta
2009 4157 2249 4222 scientia
2275 4158 2490 4239 divina,
2523 4180 2633 4243 per
2657 4183 2827 4243 quam
2852 4183 3084 4246 semper
3105 4163 3282 4227 vitam
3312 4165 3613 4228 asceticam

687 4280 967 4367 intelligit
1003 4293 1225 4344 noster.
1302 4280 1444 4343 Non
1484 4280 1607 4342 sine
1647 4281 1704 4343 vi
1746 4292 2050 4362 ponuntur
2073 4288 2276 4353 regnu.
2312 4279 2463 4342 inest
2489 4280 2674 4343 enim:
2708 4282 2801 4344 vel
2830 4283 2890 4344 in
2918 4284 3123 4369 exigua
3148 4306 3493 4366 quacunque
3520 4307 3614 4348 re-

691 4401 868 4484 gione
904 4399 964 4462 h.
983 4421 1034 4462 ο.
1076 4400 1316 4481 ubique.
1393 4400 1832 4461 Nominativum
1872 4399 2201 4481 suppeditat
2239 4399 2440 4461 Schol.
2477 4388 3005 4487 ffifflhnstffi
3029 4419 3162 4491 rm:
3199 4424 3446 4484 sequens
3469 4424 3613 4466 vero

694 4517 1038 4579 vocabulum
1067 4541 1200 4579 cum
1229 4517 1438 4578 eodem
1467 4518 1528 4577 in
1555 4517 1968 4579 Accusativum
1998 4528 2123 4577 erat
2148 4517 2586 4600 corrigendum.
2657 4518 2852 4580 Minus
2879 4519 3033 4581 bene
3062 4519 3213 4581 Cod.
3232 4522 3299 4581 Β.
3326 4518 3607 4586 Εῆῇπῦθ

696 4632 939 4695 inducit.
1013 4633 1173 4697 Alias
1197 4634 1496 4716 scriptoris
1523 4632 2008 4697 hallucinationes
2037 4633 2375 4697 omittimus.
