4126 5595
1665 545 2102 609 CENTURIA
2158 545 2450 609 PmMA.
3469 525 3588 617 85

716 730 920 826 Quid
994 733 1244 806 amicis
1321 734 1483 807 visu
1554 730 1941 805 iucundius
2007 756 2228 833 quam
2288 728 2623 804 hinnulei
2691 731 2947 806 oculos
3009 730 3439 808 habentium
3505 760 3589 809 os

716 895 973 963 suave,
1044 893 1295 944 amore
1353 868 1878 944 coniunctum?
1943 865 2121 973 quid
2174 866 2464 944 olfactu
2529 894 2749 971 quam
2802 872 2948 945 oris
3001 870 3348 975 spiritus?
3413 868 3590 976 quid

718 1006 973 1084 auditu
1040 1036 1256 1112 quam
1324 1008 1616 1084 illarum
1667 1009 1865 1087 vox?
1928 1006 2107 1115 quid
2161 1024 2448 1113 gustatu
2501 1034 2721 1113 quam
2771 1007 3064 1085 illarum
3112 1009 3292 1086 labii
3340 1037 3589 1087 surcu-

715 1147 961 1223 lorum
1024 1147 1331 1223 succus?
1401 1148 1579 1252 quid
1645 1166 1846 1225 tactu
1911 1176 2134 1252 quam
2198 1147 2516 1252 corpus?
2584 1145 2763 1253 quid
2801 1145 3301 1225 'meditatione
3352 1153 3592 1255 aptius

718 1313 940 1386 quam
989 1289 1226 1387 prima
1278 1287 1653 1363 iuventus?
1703 1289 1983 1388 ubique
2037 1286 2328 1360 illarum
2381 1288 2688 1360 suavitas
2741 1301 3073 1386 apparet.

637 1471 658 1492 .
713 1418 896 1492 Illae
952 1422 1292 1521 virgineS,
1353 1448 1540 1522 quae
1593 1422 1829 1495 multo
1883 1424 2299 1495 sonantium
2350 1415 2794 1521 compedum
2847 1434 2923 1492 et
2962 1443 3191 1493 zonae
3242 1418 3588 1496 vacillan-

713 1556 1048 1656 tiumque
1094 1554 1541 1629 armillarum
1586 1559 1899 1658 strepitu
1949 1571 2297 1658 superant
2355 1556 2594 1656 regios
2652 1579 2951 1657 cygnos,
3012 1557 3217 1630 cuius
3267 1570 3590 1630 mentem

715 1715 870 1765 non
919 1691 1062 1766 sibi
1111 1692 1501 1765 subiiciant
1562 1691 1951 1766 oculorum
1999 1692 2346 1785 nictibus,
2402 1686 2703 1766 timidae
2757 1706 2978 1792 atque
3040 1689 3387 1766 confusae
3430 1690 3587 1765 An-

711 1825 987 1928 tilopae
1036 1823 1414 1930 adspectui
1467 1827 1865 1902 similibus?
2983 1815 2992 1819 ⁸

579 1966 652 2035 9.
705 1963 817 2035 Ea
858 1988 1047 2063 quae
1088 1966 1287 2036 croci
1323 1962 1633 2066 pulvere
1676 1989 1944 2064 corpus
1988 1965 2420 2064 conspersit,
2479 1965 2599 2036 cui
2640 1962 3055 2064 strophium
3093 1965 3589 2039 contremiscit

534 2379 655 2448 10.

529 2790 651 2859 11.

531 3066 650 3134 12.

525 3606 644 3675 13.

524 3879 646 3949 14.

515 4149 643 4221 16.

710 2099 790 2171 in
845 2097 1051 2173 ssavis
1107 2096 1442 2201 papillis,
1515 2123 1703 2198 quae
1765 2096 2017 2199 pedis,
2086 2095 2247 2171 loto
2310 2095 2604 2188 similis,
2670 2094 3184 2200 perisphyride
3252 2100 3588 2200 strepitat

708 2234 914 2313 velut
963 2261 1264 2339 cygnus:
1324 2260 1546 2338 quem
1596 2261 1752 2310 non
1801 2235 1940 2309 sibi
1989 2232 2324 2309 subiiciat
2374 2235 2452 2309 in
2502 2249 2695 2311 terra
2745 2233 2909 2311 talis
2958 2232 3306 2340 pulchra?

711 2371 989 2449 Poetae
1044 2400 1216 2449 sane
1257 2376 1309 2448 ii
1348 2376 1672 2478 perversi
1712 2390 1982 2468 mente,
2045 2377 2172 2478 qui
2213 2399 2503 2479 semper
2539 2389 2812 2451 canunt
2848 2373 3127 2451 debiles
3167 2400 3323 2451 esse
3363 2375 3579 2481 puel-

713 2510 858 2587 las!
935 2510 1268 2608 Quarum
1327 2513 1609 2591 furtivis
1672 2515 1972 2590 nutibus
2034 2540 2124 2590 ex
2189 2513 2460 2591 lascivo
2529 2514 2750 2591 oculo
2815 2517 3092 2591 emissis
3143 2513 3265 2593 vcl
3313 2511 3578 2591 Indrus

712 2647 987 2751 aliique
1041 2653 1235 2753 capti
1287 2666 1458 2726 sunt
1503 2652 1660 2744 Dii,
1718 2676 1993 2726 numne
2046 2649 2329 2726 debiles
2380 2650 2590 2727 illae?
3167 2652 3172 2657 ’

709 2783 905 2860 Sane
956 2785 1075 2861 vel
1123 2784 1362 2861 Amor
1411 2788 1632 2881 illius,
1690 2788 2096 2891 superciliis
2135 2788 2512 2891 pulchrae,
2571 2814 2819 2864 servus
2871 2807 3006 2883 est,
3068 2792 3239 2893 quia
3288 2792 3370 2865 in
3422 2793 3577 2865 eius

712 2920 911 2996 oculi
961 2924 1243 3025 impetu
1294 2921 1724 2999 instruendo
1775 2941 2129 3001 versatur.
2248 3005 2253 3010 ,

710 3058 984 3163 Capilli
1037 3063 1361 3135 animum
1411 3065 1882 3165 perturbant,
1958 3063 2156 3139 oculi
2207 3061 2298 3137 ad
2350 3079 2737 3167 utramque
2789 3090 3039 3139 aurem
3087 3062 3572 3167 protendunt;

713 3223 797 3271 os
849 3199 1043 3270 intus
1093 3198 1459 3299 repletum
1511 3214 1621 3272 est
1661 3188 1990 3273 dentium
2029 3203 2242 3292 serie,
2299 3215 2554 3275 natura
2595 3227 2721 3274 sua
2762 3226 2977 3303 pura3
3034 3204 3577 3303 margaritarum

707 3331 1102 3433 pulchrum
1137 3357 1428 3435 semper
1459 3331 1914 3408 domicilium
1952 3352 2060 3410 est
2094 3339 2417 3438 pectoris
2450 3336 2914 3413 vasculorum
2948 3361 3108 3438 par:
3152 3336 3299 3411 hoc
3325 3333 3575 3425 modo,

710 3492 758 3539 o
810 3482 1089 3558 tenera,
1148 3492 1416 3567 corpus
1466 3483 1676 3539 tuum
1729 3471 1863 3540 etsi
1916 3472 2273 3569 quietum,
2332 3471 2842 3544 confusionem
2892 3471 3108 3543 nobis
3154 3486 3389 3572 parat.

705 3597 775 3675 Ο
841 3600 1162 3674 misella!
1232 3604 1638 3674 arcitenens
1707 3600 1944 3703 qualis
2007 3617 2090 3675 tu
2155 3629 2232 3676 es
2294 3630 2672 3705 nunquam
2719 3620 2933 3679 antea
2983 3608 3344 3709 apparuit,
3405 3605 3577 3707 quia

703 3740 1024 3841 percutis
1077 3735 1302 3812 corda
1353 3738 1769 3831 virtutibus,
1828 3763 1983 3813 non
2031 3753 2278 3813 autem
2329 3741 2655 3844 spiculis.

701 3873 1094 3951 Praesente
1144 3875 1341 3967 face,
1409 3893 1792 3978 praesente
1842 3880 2046 3978 igne,
2118 3880 2624 3980 praesentibus
2683 3877 2953 3970 stellis,
3022 3880 3181 3955 sole
3231 3905 3319 3954 ac
3367 3878 3569 3971 luna:

704 4013 862 4085 sine
911 4036 1074 4085 mea
1122 4009 1490 4085 hinnuleis
1545 4011 1776 4085 oculis
1825 4012 2155 4115 praedita
2217 4014 2650 4116 caliginosus
2702 4013 2992 4090 videtur
3040 4020 3174 4091 iste
3226 4012 3565 4090 mundus.

702 4145 861 4221 Cur
899 4145 1205 4220 rotundi
1249 4145 1442 4221 istud
1486 4149 1809 4250 pectoris
1854 4173 2067 4240 onus,
2124 4147 2475 4225 radiantia
2524 4149 2830 4245 lumina,
2887 4149 3198 4226 mobiles
3231 4150 3574 4225 ciliorum

701 4286 924 4358 series
977 4301 1052 4360 et
1101 4300 1270 4360 tuus
1330 4284 1702 4360 labiorum
1762 4286 2094 4362 surculus
2157 4290 2293 4363 iste
2345 4285 2705 4364 desiderio
2760 4291 3165 4365 occoecatis
3230 4286 3571 4364 dolorem

705 4421 1053 4515 efficiant,
1114 4423 1437 4525 quaeris?
1485 4425 1631 4499 Dic
1679 4430 1930 4528 potius
1982 4455 2114 4502 cur
2163 4426 2289 4501 illa
2341 4430 2650 4502 crinium
2700 4427 2946 4520 fascia,
3003 4432 3083 4504 in
3131 4441 3386 4536 ventre
3436 4409 3570 4498 tuo

699 4562 1125 4661 conspicua,
1193 4558 1610 4637 indelebilis
1670 4562 2237 4666 pulchritudinis
2298 4565 2491 4639 linea
2544 4566 2636 4639 ab
2687 4565 2965 4639 Amore
3030 4568 3195 4665 ipso
3248 4560 3563 4662 depicta,

698 4695 1136 4768 immensum
1190 4699 1454 4771 excitet
1504 4698 1864 4773 calorem?

525 4830 647 4902 16.
706 4826 928 4904 Gravi
988 4834 1311 4932 pectoris
1374 4857 1630 4925 onere,
1701 4833 1946 4908 lucida
2011 4834 2223 4908 faciei
2271 4833 2473 4927 lunii,
2547 4831 2862 4936 pedibus
2912 4830 3113 4907 lente
3164 4824 3560 4904 incedenti-

703 4964 844 5038 bus
894 4967 1122 5042 enitet
1167 4965 1297 5040 illa
1347 4963 1531 5041 idoli
1583 4971 1833 5043 instar.
