4126 5595
461 802 584 875 86.

457 1486 584 1563 87.

463 2041 590 2107 88.

1589 619 2059 680 emmam·
2105 615 2395 678 mum.
3300 674 3309 687 ,
3418 597 3530 683 95

641 800 880 901 Euge,
950 797 1153 901 quod
1208 823 1361 873 non
1416 798 1876 897 effascinatus
1927 795 2090 890 sum
2139 796 2368 874 veluti
2419 822 2483 868 ει,
2511 812 2853 899 serpente
2906 797 2998 872 ab
3050 798 3251 872 illius
3305 799 3524 873 oculo

644 952 1030 1042 protenso,
1071 934 1362 1031 mobili,
1407 935 1748 1040 obliqu0,
1790 932 2208 1041 splendide,
2242 932 2666 1024 libidinoso,
2701 933 3040 1010 coerulae
3065 934 3524 1041 nymphaeae

645 1079 963 1152 nitorem
1014 1076 1420 1153 referente!
1477 1074 1778 1181 Aspidis
1829 1074 2209 1180 adspectui
2259 1077 2337 1149 in
2393 1074 2732 1149 o'mnibus
2783 1076 3205 1177 regionibus
3257 1072 3525 1150 medici

644 1231 816 1290 sunt
879 1218 1185 1289 omnino
1250 1218 1506 1319 periti.
1593 1230 1692 1290 at
1727 1213 1908 1288 mihi
1969 1238 2214 1314 neque
2279 1218 2469 1288 esset
2519 1211 2841 1288 medicus
2893 1237 3032 1288 nec
3081 1206 3536 1306 remedium,-

642 1353 736 1425 ab
790 1351 1317 1426 infamantibus
1370 1348 1603 1424 oculis
1658 1366 1910 1424 ornata
1926 1350 2210 1451 puella
2261 1349 2490 1423 semel
2541 1348 2919 1453 adspecto.

642 1485 790 1560 Hic
841 1489 1079 1563 suavis
1132 1501 1385 1561 cantus
1437 1501 1571 1578 est,
1629 1485 1783 1561 illic
1833 1485 2119 1561 saltatio
2175 1501 2256 1561 et
2297 1512 2519 1590 sapor
2569 1483 2839 1561 dulcis·
2821 1543 2843 1582 ,
2910 1482 3347 1590 dispergitur
3396 1485 3520 1561 hic

646 1639 888 1728 gratus
943 1621 1158 1718 odor,
1214 1639 1449 1701 tactus
1500 1622 1654 1698 illic
1705 1630 2182 1700 mammarum
2234 1640 2368 1700 est:
2426 1627 2531 1701 sic
2584 1627 2913 1729 quinque
2953 1624 3311 1719 sensibus,
3371 1651 3518 1698 ma-

647 1789 872 1866 gnum
925 1759 1976 1866 quodque'destruentibuset
2008 1765 2227 1839 bonis
2265 1765 2614 1866 operibus
2648 1763 2955 1856 infestis,
3014 1765 3517 1854 circumactus,

613 1896 1326 2002 ·ubique'deceptus
1378 1925 1481 1974 es.
1606 1932 1613 1950 ·
1712 1907 1771 1957 ·='
1851 1905 1916 1961 ·²·'
1950 1875 1977 1947 ·’
3014 1904 3021 1916 ’

645 2033 945 2108 Amoris
998 2032 1363 2109 dementia
1416 2059 1570 2109 non
1623 2034 1819 2110 cedit
1867 2036 2482 2110 incantationibus
2531 2061 2775 2137 neque
2826 2034 3374 2109 medicamentis
3414 2049 3523 2105 est

537 2192 541 2195 ’
642 2166 1117 2272 expellenda,
1201 2195 1444 2273 neque
1519 2169 1826 2247 solvitur
1901 2168 2197 2247 centum
2262 2171 2675 2247 lenimentis
2735 2169 3188 2246 multifariis·
3172 2227 3193 2264 ,
3284 2172 3511 2244 immo

458 2585 581 2655 89.

460 3134 581 3207 90.

458 3408 579 3476 91.

455 4084 576 4151 92.

455 4641 574 4710 93.

640 2334 819 2385 vero
871 2307 1212 2385 instabile
1263 2308 1542 2412 aliquid
1596 2337 1686 2386 ex
1733 2306 2305 2414 perturbationis
2357 2313 2639 2415 impetu
2669 2312 2987 2468 corpori
3024 2311 3352 2385 tribuens
3387 2307 3512 2381 illa

647 2445 947 2521 oculum
997 2445 1172 2522 facit
1222 2443 1590 2549 trepidare
1643 2463 1718 2522 et
1767 2450 2069 2522 circum
2096 2474 2361 2523 errare.

642 2579 895 2673 Quae,
970 2586 1396 2683 caecigenO,
1471 2581 1865 2676 deformi,
1895 2599 2269 2658 senectute
2334 2587 2579 2657 omnia
2640 2585 2969 2659 membra
3034 2581 3319 2673 soluto,
3392 2607 3556 2653 ru·-

639 2719 865 2809 stico,
937 2715 1201 2790 humili
1249 2716 1524 2790 familia
1573 2734 1786 2810 nato,
1827 2716 2277 2792 -fluentibus
2303 2719 2531 2821 lepris
2584 2718 2894 2810 affecto,
2951 2714 3251 2792 tradunt
3301 2739 3517 2790 suave

637 2878 848 2926 suum
912 2877 1182 2955 corpus
1244 2850 1434 2927 lucri
1483 2853 1646 2927 vilis
1694 2868 1957 2956 pacto,
2023 2853 2139 2927 his
2191 2836 2762 2947 meretricibus,⁴¹
2808 2855 3247 2958 cognitionis
3300 2851 3513 2927 arbo·

635 3016 792 3067 rem
841 2988 1370 3086 scindentibus»,
1429 2993 1682 3096 ecquis
1732 2991 2158 3069 inhaereat?

638 3129 794 3207 Ubi
842 3159 885 3205 a
935 3134 1320 3209 iuvenibus
1373 3131 1868 3208 sacrificantur
1912 3136 2324 3210 iuventutes
2375 3159 2733 3238 opesque,
2791 3136 2897 3208 ibi
2934 3135 3274 3209 meretrix
3310 3157 3509 3206 amo-

641 3272 740 3342 ris
788 3267 1154 3343 flammam
1205 3285 1726 3373 repraesentat,
1783 3269 2066 3344 formae
2121 3273 2328 3372 quasi
2376 3270 2591 3372 lignis
2642 3274 3014 3346 nutritam.
3056 3265 3074 3288 ‘

642 3401 829 3496 Quis
892 3403 1188 3478 tandem
1251 3405 1767 3505 paterfamilias
1823 3404 2194 3478 osculatur
2241 3405 2744 3479 meretriculae
2796 3406 3162 3478 labiorum
3213 3388 3511 3506 germen
3598 3449 3605 3458 ·

643 3541 1108 3637 quantumvis
1170 3537 1614 3639 pulchrum?
1673 3537 2071 3612 Vasculum
2135 3537 2318 3611 illud
2389 3556 2499 3613 est
2558 3543 2637 3612 in
2701 3537 2904 3638 quod
2972 3555 3336 3641 exspuunt
3387 3563 3507 3611 ex·
3561 3619 3568 3627 ‚

638 3669 1079 3772 ploratores,
1138 3671 1434 3763 milites,
1491 3671 1716 3763 fures,
1774 3675 1992 3763 servi,
2050 3672 2432 3746 saltatores
2487 3688 2562 3747 et
2614 3675 2842 3745 mimi.
2911 3694 2918 3705 ·

1471 3971 1562 4018 nn
1629 3971 2066 4020 mumssmnus
2120 3974 2485 4022 wunms.

633 4075 915 4151 Felices
965 4078 1102 4169 illi,
1165 4103 1483 4179 quorum
1534 4104 1739 4153 mens
1791 4107 1948 4153 non
1994 4084 2492 4182 perturbatur,
2553 4079 2851 4202 quando
2903 4082 3215 4155 formam
3260 4076 3513 4152 vident
3593 4181 3602 4193 ⁸

635 4212 1088 4317 puellarum,
1158 4213 1558 4288 mobilibus
1610 4241 1696 4289 ac
1744 4220 2111 4319 protensis
2164 4216 2399 4292 oculis
2451 4234 2942 4311 venustat-um,
3011 4213 3305 4292 tumidis
3356 4239 3507 4289 ma·

637 4356 944 4458 gnisque
979 4357 1326 4463 ⁸mammis
1378 4355 1895 4451 formosarum,
1952 4360 2029 4434 in
2082 4358 2329 4463 gracili
2380 4373 2636 4436 ventre
2689 4358 2901 4463 plicis
2942 4359 3350 4435 tenerrimis
3388 4380 3507 4429 or-

635 4509 993 4569 natarum.

634 4631 703 4710 O
755 4633 1046 4738 puella,
1120 4661 1344 4737 quam
1409 4636 1509 4710 ob
1572 4663 1730 4712 rem
1794 4663 2010 4716 suave
2075 4637 2396 4714 ridentes
2455 4640 2565 4714 illi
2604 4630 2911 4755 ''venusti
2966 4636 3354 4711 oculorum
3407 4637 3505 4707 ia-

638 4788 795 4844 ctus
843 4769 1294 4846 volvuntur?
1357 4772 1663 4864 Desine,
1723 4771 2001 4866 desine,
2059 4776 2337 4849 inutilis
2387 4778 2525 4849 tibi
2574 4775 2792 4848 labor
2843 4776 2984 4846 est!
3044 4775 3200 4845 Iam
3252 4772 3505 4843 mutati

605 4929 741 4977 nos
792 4930 1063 4995 sumus,
1131 4908 1468 4981 iuventus
1521 4909 1726 4999 abiit,
1797 4907 2007 4983 locus
2057 4913 2137 4982 in
2187 4910 2385 5011 sylva
2435 4926 2730 5010 paratus
2782 4923 2917 4997 est,
2981 4906 3282 4981 stultitia
3340 4929 3500 4977 eva·

640 5041 836 5135 nuit3
891 5038 1147 5116 mundi
1196 5038 1675 5146 splendorem
1724 5042 1972 5119 culmo
2024 5043 2338 5120 similem
2387 5061 2835 5149 reputamus.
