4126 5595
519 520 686 611 126
849 622 852 624 v
1412 537 2052 602 mmmmmms
2104 483 2670 609 -sEN‘rENrmm

485 776 491 784 -
573 737 663 810 44-
703 729 932 807 Filius
965 730 1239 809 wit-tuti
1301 723 1666 822 addictus,
1741 731 2010 804 coniux
2076 733 2476 826 carissimam
2558 729 2896 837 dominus
2960 735 3320 814 benev’ola
3381 739 3563 818 facie

520 907 526 916 ·
591 862 1131 974 ‘³-¹·praeditus,-
1165 869 1435 940 amicus
1488 862 1823 958 dilectus,
1882 865 2266 943 domestici
2314 867 2599 962 fi'deles,
2657 870 2884 947 me'ns·
2915 878 3278 949 aerumnis
3308 901 3559 970 vacua,

525 1054 528 1058 -
676 1006 942 1079 ‘forma
990 973 1316 1093 venusta,
1376 1026 1556 1102 opes
1610 1019 2050 1093 constantes,
2112 1029 2195 1075 os
2250 1003 2658 1088 eruditione
2713 1022 3077 1080 ornatum:
3109 1008 3319 1082 -baec
3368 1007 3567 1110 apud

670 1137 1065 1212 ‘Vishnum
1117 1134 1576 1227 clementem,
1636 1135 2098 1228 coelicolam,
2159 1141 2545 1238 optimum,
2603 1138 2928 1213 mortalis
2981 1145 3418 1242 assequitur.

558 1278 648 1349 5.
702 1272 938 1347 Diviti
988 1265 1243 1345 omnes
1296 1268 1561 1344 adsunt
1611 1268 1890 1364 sensus,
1947 1268 2153 1345 adest
2205 1272 2584 1366 officium,:
2622 1277 2973 1376 sapientia
3023 1274 3442 1350 indelebilis
3493 1291 3569 1351 et

706 1386 1156 1517 eloquentia3
1212 1420 1302 1480 at·
1332 1430 1510 1481 vero
1565 1404 1995 1483 divitiarum·
2030 1408 2276 1483 calore
2325 1410 2623 1486 relictus
2673 1411 2800 1486 ille
2851 1415 3011 1516 ipse
3040 1411 3290 1486 homo
3326 1414 3567 1487 statim

614 1536 670 1603 ·‘¹
707 1558 1055 1635 mutatur,
1115 1539 1315 1645 quod
1370 1567 1541 1617 sane
1591 1546 1857 1616 mirum
1909 1562 2042 1618 est.
2921 1600 2925 1605 -

576 1685 649 1757 6.
707 1681 827 1755 Tu
866 1670 1167 1781 quoque
1206 1675 1590 1770 Chataka,.÷
1619 1704 1844 1780 quum
1880 1695 2121 1780 guttae
2155 1678 2304 1754 hoc
2337 1680 2563 1756 modo
2600 1685 2735 1756 tibi
2770 1681 3298 1775 discernantur,
3348 1709 3568 1785 quam

636 1833 647 1867 ··
711 1804 1040 1888 ob·'rem·
1071 1815 1330 1885 misera
1356 1837 1563 1894 ,voce
1593 1828 1907 1886 -nostrae
1957 1816 2174 1889 nubis
2225 1814 2691 1889 beneficium·
2717 1815 3129 1918 exspectas?

579 1948 909 2025 7.>Heus
963 1962 1044 2021 tu
1098 1944 1450 2038 Chataka,
1510 1962 1782 2020 attenta
1834 1964 2078 2022 mente
2132 1952 2441 2021 amicum
2490 1950 2892 2054 paullisper
2942 1944 3216 2027 audias:
3274 1950 3566 2026 *multae

550 2131 559 2142 ·
654 2117 663 2139 ·
707 2083 941 2159 nubes
991 2096 1162 2157 sunt
1209 2084 1290 2156 in
1343 2082 1586 2176 coelo,
1643 2096 1719 2156 at
1767 2108 1922 2157 non
1976 2109 2229 2158 omnes
2270 2082 2807 2162 'eodem-modo
2846 2081 3330 2193 comparatae3
3386 2088 3568 2163 aliae

551 2215 583 2270 '·
709 2222 978 2296 etenim
1030 2218 1280 2322 pluvia
1330 2217 1755 2295 humectant
1802 2235 2100 2314 terram,
2157 2221 2340 2297 aliae
2393 2223 2653 2298 frustra
2690 2223 3132 2318 inclamant,·
3169 2252 3566 2328 quamcun-

523 2405 530 2413 -
584 2373 595 2382 ‘
655 2407 659 2410 -
713 2382 859 2458 que
891 2358 1265 2455 stu-igitur
1311 2348 1516 2429 vides
1568 2355 1678 2428 illi
1729 2360 1969 2428 statim
2022 2357 2397 2458 querelam
2451 2383 2614 2431 non·
2661 2357 3020 2432 effundas.
3064 2389 3096 2412 ··
3163 2387 3211 2412 Δί

517 2501 651 2569 -·-8.
675 2507 683 2536 ·’
711 2487 914 2586 Quid
944 2483 1784 2574 ,faciainusidee-auriiet
1840 2496 2130 2592 argenti·
2170 2492 2581 2586 montibus,·
2632 2495 2761 2565 ubi
2797 2493 3097 2567 arbores
3132 2506 3466 2568 crescunt
3499 2506 3576 2566 et

539 2618 631 2683 *33
695 2617 1031 2712 'arbores‘
1068 2614 1389 2701 tantum?
1437 2619 1810 2728 Malayum
1843 2642 2189 2701 -montem
2239 2617 2489 2728 p⁷otius
2524 2625 2876 2722 colamus;
2908 2620 3038 2703 :ibi
3066 2631 3275 2702 enim
3308 2623 3572 2700 adsunt

717 2786 932 2866 aqua,
987 2758 1169 2835 Koli
1221 2775 1296 2834 et
1342 2757 1595 2833 Nimbi
1649 2762 1946 2836 arbores
1999 2788 2083 2836 ac
2135 2759 2539 2837 Santalum.
3017 2757 3024 2764 ’
3117 2755 3125 2764 ’

580 2903 654 2976 9.
710 2898 1068 2973 Homines
1123 2924 1348 3001 opere
1400 2895 1880 3000 assequuntur
1929 2888 2359 3003 praemium,
2417 2904 2767 3004 sapientia
2822 2926 3007 3004 opus
3060 2903 3559 3002 consequitur,

712 3050 1164 3138 quapropter
1213 3030 1557 3134 prudenti
1612 3049 1685 3106 et
1736 3039 1970 3134 agenti
2024 3035 2115 3108 de
2171 3036 2418 3132 futuro
2471 3038 2663 3107 bene
2718 3033 3271 3108 deliberandum
3322 3050 3456 3107 est.

536 3178 651 3246 10.
713 3166 914 3263 Quid
989 3166 1275 3240 lucrum
1339 3181 1481 3256 est,
1562 3191 1738 3267 prae
1800 3167 2171 3239 bonorum
2248 3168 2777 3241 familiaritate?
2869 3167 3215 3269 quidnam
3294 3167 3569 3241 malum

709 3303 1098 3381 stultorum
1164 3303 1538 3375 consortio
1601 3303 1853 3387 maius,
1896 3300 2053 3375 est?
2084 3326 2093 3335 ·
2122 3326 2479 3403 quaenam
2542 3305 2810 3376 iactura
2874 3328 3120 3376 rerum
3186 3327 3374 3404 quae
3434 3328 3569 3376 suo

706 3459 1042 3546 tempore
1106 3435 1415 3513 cadunt?
1480 3436 1656 3539 quid
1722 3434 2107 3512 dexteritas
2169 3437 2524 3540 significat
2583 3408 2760 3540 prae
2823 3435 3086 3540 gaudio
3141 3436 3233 3512 de
3288 3438 3569 3514 officio·

566 3624 587 3636 --
669 3585 873 3657 ¹rum
931 3575 1217 3655 studio?
1283 3577 1447 3679 quis
1510 3574 1730 3651 heros
1794 3603 1963 3651 cum
2029 3602 2279 3651 sensus
2331 3592 2717 3651 coercente
2770 3575 3114 3651 certaret?
3166 3574 3340 3681 quid
3392 3603 3570 3680 prae

536 3715 677 3775 ··‘·²
707 3713 1192 3793 uxore-fideli
1246 3711 1465 3814 opes?
1517 3712 1693 3814 quid
1723 3722 1937 3815 -prae³
1978 3713 2390 3789 eruditione
2440 3711 2949 3813 peregrinandi
2998 3713 3339 3787 felicitas?
3391 3710 3570 3813 quid

522 3811 1449 3951 ···;·=⁶tandem-imperium
1501 3845 1669 3918 culn
1710 3851 2126 3948 sapientiae·
2167 3848 2411 3921 fructu
2464 3845 2999 3948 comparatum?

536 3995 663 4066 11·.=
711 3987 833 4061 Ab
883 3998 1162 4060 austera
1214 3981 1626 4056 carentibus
1664 3985 1996 4059 oratione
2034 3999 2109 4057 et
2141 3986 2299 4057 miti
2335 4006 2672 4060 sermone
2706 3980 2981 4056 affatim
3015 3977 3386 4084 praeditis,
3442 4006 3571 4055 sua

711 4148 940 4199 uxore
995 4123 1382 4213 contentis,
1452 4117 1886 4194 calumniam
1938 4117 2423 4199 devitantibus
2473 4119 2893 4195 hominibus
2939 4118 3218 4221 ubique
3270 4132 3569 4193 ornatur

693 4271 932 4337 ‘terra.

532 4406 663 4473 12.
720 4394 941 4472 Orbis
999 4409 1382 4482 terrarum,
1450 4395 1667 4465 unius
1717 4393 1838 4468 vel
1888 4394 2135 4468 herois
2185 4392 2378 4495 pede
2431 4392 2770 4482 calcatus,
2826 4390 3100 4464 laetitia
3151 4413 3565 4463 commove·

722 4547 866 4620 tur,
922 4527 1223 4629 gloriam
1274 4522 1690 4626 expandens
1738 4528 1967 4602 veluti
2015 4553 2154 4630 per
2202 4526 2436 4600 solem
2492 4586 2496 4589 ,
2643 4516 2651 4521 ’

544 4671 663 4741 13.
694 4659 1036 4739 ΔῙίιιὶ)εάο
1097 4660 1448 4750 lotorum,
1512 4658 1897 4735 hominum
1957 4663 2368 4764 proborum
2425 4656 2916 4733 munificentia
2968 4671 3042 4731 et
3088 4655 3570 4758 malignorum

721 4788 1202 4874 inhumanitas
1250 4794 1549 4870 ‘namrae
1603 4798 1987 4901 qualitates
2035 4814 2184 4875 tres
2233 4811 2405 4874 sunt
2452 4796 2706 4870 tribus.
