4126 5595
1381 608 1392 618 .
1435 569 1439 572 ·
1637 566 2382 628 'SUPPLEMENTUM.=·
2418 564 2454 614 :³
2486 564 2502 599 ³
2565 563 2623 612 e..
3359 548 3524 641 127

475 753 595 825 14.
651 749 859 825 Pilae
912 746 1210 823 cadenti
1244 747 1256 788 ·’
1269 747 1521 822 similis
1555 745 1848 824 'eaden's
1909 752 2023 825 vir
2073 749 2345 823 nobilis
2399 749 2685 841 exsilit3·
2729 747 3073 852 ignobilis
3124 768 3366 830 autem
3416 757 3519 831 la-

544 939 547 943 ·
651 887 855 961 bitur
902 901 988 960 ut
1038 882 1548 988 glebae-casus
1598 885 1868 960 luteae.
2184 883 2193 892 ’
2275 879 2284 890 ’
3054 863 3061 874 ’

475 1027 595 1101 15.
649 1024 829 1100 Non
881 1023 1527 1128 comprehenditur
1578 1052 1708 1100 cor
1756 1022 2173 1119 mulierum,
2219 1024 2466 1103 *veluti
2517 1022 2925 1129 facies³per
2972 1028 3354 1131 speculum
3404 1056 3520 1107 re-

504 1186 601 1233 J„
637 1163 901 1255 ,flexa·,=:
937 1188 1216 1265 neque·
1240 1163 1713 1264 cognoscitur
1772 1160 2101 1255 indoles,
2142 1212 2146 1220 -
2179 1157 2850 1266 tanquamii-viahrin
2888 1157 3207 1242 finontis·
3230 1150 3522 1244 wei-tice

518 1327 529 1355 ³
650 1297 1227 1401 aspera;·;mens=
1263 1299 1587 1400 ipsarum
1640 1326 1678 1372 a
1730 1301 2176 1401 sapientibus
2225 1289 2964 1374 tremulanti'·in³loti
3026 1299 3520 1405 folio’guttae

491 1479 522 1485 --
626 1432 1163 1518 ,adsimulatum
1200 1433 1822 1509 *mulier2scilicet
1870 1435 2059 1508 liana
2115 1429 2662 1526 est'vene‘nosa,
2718 1429 2966 1509 ³malis·
2997 1431 3342 1539 tanquam
3392 1462 3513 1513 ve-

648 1569 1625 1672 neni·calicibus·impleta.=
1715 1606 1721 1617 ¹
1928 1564 1986 1626 -···³
2434 1538 2592 1628 tls-:²
3201 1590 3326 1634 0³0·

470 1709 590 1783 16.
652 1705 906 1803 Quods
942 1711 1045 1783 sic
1104 1705 1381 1783 incedis
1435 1734 1480 1782 o
1533 1705 1845 1801 infinite,
1918 1707 2080 1783 mea
2147 1728 2412 1783 caussa·
2454 1708 2603 1783 hoc
2662 1711 2881 1784 unice
2930 1703 3341 1814 =fit;i·aper·'
3366 1712 3516 1786 sive

648 1842 958 1933 Seshus,
1030 1869 1077 1916 o
1143 1841 1480 1935 domine,
1563 1869 1811 1917 nonne
1874 1870 2035 1918 mea
2104 1835 2716 1926 caussa-'yisibilis
2781 1833 3012 1920 sactus
3076 1839 3201 1919 e's?
3290 1840 3516 1937 Quod

641 2005 829 2051 unus
880 1976 1009 2051 ille
1062 1993 1331 2051 terram
1382 1981 1795 2051 immersam
1849 2003 1938 2051 ex
1988 1982 2196 2078 aquis
2251 1978 2469 2052 dente
2520 1980 2856 2081 protulit,
2928 1978 3216 2052 hostilis
3265 1977 3516 2052 Rahus

645 2127 872 2214 caput
920 2126 1294 2212 praestans
1349 2109 1654 2186 devorat
1703 2114 2117 2212 iterumque
2168 2112 2544 2212 relinquit.

469 2247 587 2322 17.
641 2247 1082 2350 Magnorum
1141 2245 1527 2320 homiuum
1587 2247 1666 2320 in
1728 2245 2133 2322 calamitate
2196 2249 2640 2324 constantiae
2707 2242 3073 2323 desectum
3136 2242 3386 2325 videre
3450 2234 3513 2322 si

647 2386 838 2461 sorte
885 2389 1116 2489 cupis:
1161 2382 1437 2479 desine,
1497 2382 1744 2462 desine
1795 2388 1887 2462 ab
1927 2385 2076 2464 hoc
2126 2385 2398 2481 studio,
2458 2414 2624 2463 cum
2674 2386 2862 2462 mala
2914 2412 3084 2462 cura
3136 2401 3212 2463 et
3253 2385 3510 2463 labore

647 2525 1072 2600 coniuncto!
1147 2523 1513 2628 Aequoris
1579 2553 1881 2630 quoque
1931 2529 2294 2601 montium
2344 2525 2615 2602 familia
2667 2529 2746 2601 in
2794 2525 2941 2602 fine
2997 2525 3181 2630 cycli
3232 2528 3509 2604 viribus

645 2665 791 2737 suis
862 2665 1002 2736 erit
1064 2661 1433 2756 destituta,
1505 2690 1748 2765 neque
1812 2680 2052 2739 tamen
2120 2664 2325 2749 illam
2390 2667 2490 2738 ob
2554 2690 2878 2739 caussam
2942 2689 3255 2739 oceanus
3305 2666 3511 2766 parvi

644 2796 1026 2872 habendus
1063 2814 1195 2873 est.

466 2939 582 3007 18.
640 2931 891 3007 Poscit
939 2936 1264 3009 virorum
1313 2935 1719 3025 victoriam,
1778 2950 1903 3008 aut
1952 2936 2318 3035 unguibus
2369 2949 2495 3009 aut
2544 2934 2771 3036 longo
2824 2937 2904 3009 in
2953 2935 3287 3009 manibus
3340 2959 3513 3009 ense

639 3085 1088 3172 reportatam
1136 3068 1490 3162 Fortuna,
1552 3096 1739 3171 quae
1790 3073 2085 3173 virginis
2136 3075 2362 3145 instar
2412 3071 2763 3173 gloriatur
2812 3076 3119 3175 impetu.

462 3208 582 3279 19.
636 3205 965 3280 Victoria
1024 3203 1323 3278 tandem
1388 3220 1677 3277 maneat
1734 3206 1909 3278 forti
1965 3210 2093 3306 qui
2143 3232 2397 3282 averso
2448 3207 2660 3281 vultu
2713 3206 3071 3280 occiditur
3119 3206 3239 3281 vel
3289 3209 3508 3281 etiam

641 3336 1051 3441 paradisus:
1122 3338 1428 3438 gloriam
1487 3339 1709 3439 probi
1768 3340 2167 3439 utrobique
2232 3366 2322 3413 ex
2382 3334 2680 3414 robore=
2718 3354 3046 3441 reportat
3097 3355 3171 3414 et
3228 3339 3506 3413 bonam

643 3474 785 3544 sibi
837 3474 1262 3545 memoriam
1314 3487 1718 3545 conservat.

461 3614 584 3681 20.
647 3604 834 3700 Quis
884 3604 1082 3680 dicto
1131 3631 1284 3679 non
1328 3604 1625 3680 audiens
1673 3621 1782 3681 est
1823 3607 2083 3701 hom0,
2142 3612 2343 3683 cuius
2390 3634 2474 3683 os
2520 3608 2753 3683 frusto
2803 3606 3224 3712 impletum?
3273 3606 3497 3712 Tym-

645 3770 923 3845 panum
973 3768 1178 3835 vero,
1239 3768 1366 3816 ore
1416 3769 1646 3818 vacuo
1700 3744 2100 3820 clamorem
2151 3746 2349 3820 facit.
3096 3833 3103 3840 .
3309 3733 3320 3739 ”

462 3888 586 3955 21.
645 3879 727 3955 Si
781 3876 1104 3982 quando,
1162 3880 1352 3954 forte
1398 3879 1692 3956 fortuna
1741 3884 2043 3977 scilicet,
2103 3881 2417 3958 mundus
2463 3898 2650 3958 esset
2706 3885 2861 3957 sine
2923 3881 3094 3957 lotis
3142 3907 3274 3957 cur
3325 3908 3498 3986 pro-

647 4032 903 4119 pterea
957 4042 1227 4119 cygnus
1280 4016 1559 4092 formae
1611 4023 2091 4094 mutationem
2142 4023 2594 4125 experiretur
2640 4036 2987 4122 tanquam
3039 4017 3337 4094 corvus?

457 4158 582 4225 22.
640 4149 1060 4225 Venerandi
1111 4156 1342 4261 saneti
1386 4153 1780 4256 siquando
1831 4159 2115 4232 virtutis
2167 4158 2721 4230 instructionem
2770 4156 3253 4257 praecipiunt,
3314 4176 3503 4254 quae

640 4289 753 4360 sui
815 4289 989 4362 iuris
1061 4264 1334 4362 docent
1396 4308 1820 4395 praecepta,
1904 4272 1993 4368 ea*
2051 4292 2411 4367 librorum
2475 4318 2848 4366 sacrorum
2915 4293 3138 4365 instar
3202 4311 3503 4393 quoque

638 4421 978 4499 habenda
1027 4441 1221 4501 sunt.

463 4569 586 4638 23.
643 4562 804 4635 Etsi
855 4562 1150 4638 vacillet
1216 4580 1409 4639 terra
1460 4565 1612 4659 illa,
1681 4592 1818 4669 per
1865 4565 2332 4659 testudinem,
2402 4591 2539 4669 per
2587 4563 2999 4639 immobiles
3048 4561 3305 4665 plagae
3357 4559 3505 4635 ele-

640 4696 957 4800 phantos
1010 4714 1086 4772 et
1143 4726 1282 4801 per
1330 4718 1756 4803 serpentum
1814 4669 2228 4804 principem
2278 4718 2695 4777 sustentata:
2764 4716 3021 4773 natura
3084 4696 3493 4784 hominum,

640 4846 882 4905 mente
934 4858 1320 4932 purorum,
1379 4860 1535 4909 non
1584 4835 1705 4912 vel
1754 4839 1834 4909 in
1883 4833 2139 4908 mundi
2189 4838 2487 4909 interitu
2534 4832 2828 4909 vacillat
2875 4855 3226 4931 unquam.

463 4968 586 5040 24.
643 4961 1000 5066 Serpente
1052 4981 1407 5040 coronato
1459 4968 1581 5043 vel
1631 4982 1856 5061 serto,
1916 4994 2085 5043 cum
2132 4967 2345 5042 hoste
2396 4965 2815 5041 truculento
2864 4963 2988 5040 vel
3039 4988 3204 5037 cum
3256 4960 3490 5034 amico
