4126 5595
1563 490 1820 552 mmm
1877 488 2354 552 SECUNDUS.
2381 556 2387 561 ,
2853 535 2860 545 .
3004 531 3007 534 »
3319 476 3482 577 177

527 690 873 771 ceteroquin
906 704 1000 782 qa
1034 686 1220 770 priori
1257 685 1486 748 hemist.
1524 685 1873 746 inseruimus
1911 704 1987 745 ne
2015 696 2266 745 metrum
2292 683 2617 759 vacillaret3
2654 687 2837 768 possis
2864 689 3036 752 etiam
3075 685 3479 777 traffi'propo-

522 828 672 892 nere⁴
708 828 740 868 a
779 805 984 869 Schol.
1015 805 1438 867 constructioni
1464 805 1772 865 insertum:
1804 820 1922 867 um
1951 818 2091 888 qffr
2121 799 2302 868 ιῐὸιῐῇ.
2378 803 2501 864 Pro
2532 802 2669 866 salsa
2694 804 2953 871 lectione
2978 808 3041 870 in
3062 807 3139 874 A.
3164 803 3478 901 εἶξαι-ἐπὶ

523 920 625 991 δῐῗτ
652 946 721 988 ex
750 926 900 989 cod.
918 927 987 988 B.
1017 940 1076 992 et
1099 925 1300 988 Schol.
1328 946 1452 987 eam
1479 923 1807 1007 recepimus
1834 942 1980 1006 quae
2007 921 2071 983 in
2098 933 2257 985 textu
2282 935 2600 1008 comparet.
3002 947 3006 952 ·

1479 1341 1780 1414 Lmssss
1835 1303 2402 1416 SECUNDUS,

1736 1517 1823 1564 DE
1860 1519 2153 1564 orrxcns.

514 1561 843 1722 Centuria
867 1659 1284 1721 sententiarum
1310 1656 1585 1735 secunda,
1620 1677 1769 1739 quae
1793 1657 1900 1719 sub
1927 1656 2321 1719 Bbartriharis
2345 1654 2587 1719 nomine
2615 1653 3050 1738 circumfertur,
3084 1659 3372 1744 inscripta
3383 1676 3474 1728 est

511 1771 800 1850 ffiwe'f
830 1779 953 1843 sive
988 1787 1058 1838 de
1084 1784 1312 1848 vsi-tute,
1348 1776 1623 1838 nimirum
1663 1797 1730 1839 ea
1768 1797 1916 1860 quae
1953 1776 2016 1837 in
2052 1775 2263 1839 officiis
2300 1796 2438 1860 erga
2477 1797 2559 1838 se
2581 1776 2769 1860 ipsum
2806 1789 2983 1861 atque
3018 1779 3164 1844 alios
3189 1795 3472 1847 versatur.

509 1898 877 1962 Vocabulum
912 1888 1068 1964 τῆἣι
1109 1905 1282 1957 bonos
1312 1921 1498 1956 mores
1535 1897 1596 1957 in
1632 1916 1854 1979 genere
1879 1896 2167 1979 significat
2191 1896 2337 1972 (vid.
2365 1902 2591 1968 Schleg.
2619 1897 2689 1956 ad
2717 1897 2969 1982 Bhagav.
3001 1913 3090 1977 18,
3109 1902 3251 1980 78.),
3286 1902 3473 1984 inpri-

503 2003 613 2079 mis
651 2017 1008 2092 comitatem,
1044 2015 1452 2075 liberalitatem
1491 2014 1744 2092 aliasque
1784 2012 2028 2073 virtutes
2066 2032 2214 2091 quae
2250 2011 2440 2073 virum
2481 2026 2780 2089 exornant,
2816 2015 2971 2074 unde
3009 2015 3082 2076 dc
3107 2016 3469 2100 principibus

505 2132 749 2194 maxima
777 2131 896 2193 lans
925 2143 1012 2193 est
1033 2121 1186 2196 τῆΐῆ
1207 2129 1373 2210 sequi
1401 2129 1508 2207 (cf.
1524 2136 1730 2188 Nalad.
1751 2127 1918 2206 1,5.).
1971 2128 2294 2209 Praecepta
2319 2128 2558 2189 moralia
2580 2128 2703 2191 sive
2719 2130 2928 2192 Etbicc
2954 2131 3017 2192 in
3041 2131 3225 2213 libris,
3252 2135 3466 2217 quihus

508 2265 597 2316 est
631 2273 852 2315 nomen
885 2241 1182 2334 ἓῆἕῗιῑηξι,
1216 2249 1544 2327 traduntur,
1580 2268 1649 2309 ex
1674 2245 1884 2309 talibus
1910 2246 2364 2308 Vishnusarman
2402 2249 2558 2332 regis
2594 2249 2743 2313 filios
2780 2250 3016 2314 erudire
3052 2251 3303 2319 instituit
3325 2257 3466 2340 (ni-

508 2371 706 2453 topad.
731 2393 789 2452 p.
809 2369 892 2448 8.)
933 2382 995 2430 et
1029 2367 1119 2430 his
1158 2388 1364 2431 revera
1401 2366 1790 2428 Bbartriharis
1827 2365 2109 2444 centuria,
2146 2366 2403 2447 quamvis
2434 2367 2677 2452 singulis
2711 2382 2975 2431 constans
3000 2373 3323 2454 sententiis,
3355 2395 3462 2439 an-

507 2488 865 2549 numeranda
902 2499 1007 2549 est.
1080 2486 1266 2548 Liber
1303 2486 1509 2548 decem
1546 2485 1772 2547 minora
1811 2483 2221 2567 complectitur
2256 2484 2460 2568 capita,
2495 2486 2617 2571 agit
2653 2487 2835 2550 enim:
2870 2498 2940 2549 de
2962 2493 3461 2563 antemnae„-

493 2613 760 2690 pientia,-
785 2615 855 2664 de
877 2611 1222 2683 fortitudine
1246 2629 1318 2664 ac
1346 2588 1653 2680 patientia,
1687 2612 1757 2663 de
1779 2611 1995 2679 opibus,
2029 2613 2100 2662 de
2116 2611 2313 2679 pravis
2337 2612 2677 2675 hominibus,
2711 2615 2781 2664 de
2808 2614 2967 2666 bom's
2994 2626 3050 2667 ee
3074 2617 3305 2671 virtutis
3332 2630 3460 2671 seu-

504 2731 700 2791 ds’oss's,
734 2733 799 2781 de
827 2747 928 2797 ope
954 2731 1086 2781 als's‘s
1109 2727 1380 2800 serenda,
1413 2732 1484 2780 de
1508 2729 1858 2791 constantia,
1892 2730 1961 2780 de
1982 2727 2140 2800 sato,
2175 2703 2244 2779 cle
2269 2729 2430 2780 bonis
2456 2730 2735 2797 operibus,
2769 2723 2849 2785 ita
2889 2737 2954 2786 ut
2980 2746 3246 2809 quaeque
3269 2729 3458 2792 sectio

501 2861 613 2923 per
641 2807 844 2902 decem
873 2839 1115 2902 disticha
1140 2851 1509 2902 transcurrat.
1566 2841 1664 2901 De
1690 2840 1814 2902 aliis
1839 2840 1911 2901 ad
1942 2838 2091 2899 hane
2120 2838 2552 2901 distinctionem
2580 2841 3010 2923 pertinentibus
3036 2856 3096 2905 et
3118 2847 3460 2926 praesertim

503 2959 579 3022 de
616 2959 971 3023 confusione
1009 2980 1118 3043 per
1156 2970 1336 3022 totam
1377 2958 1717 3045 Centuriam
1755 2959 1816 3021 in
1844 2958 2124 3021 Editione
2152 2958 2245 3021 Sr.
2274 2958 2606 3043 conspicua,
2640 2960 2703 3023 in
2736 2963 3188 3027 Introductione
3216 2965 3459 3052 egimus.

502 3080 707 3144 Schol.
753 3081 904 3144 Cod.
921 3079 995 3143 A.
1026 3080 1243 3142 librum
1286 3080 1513 3144 huncce
1554 3080 1803 3158 duobus,
1850 3080 1913 3141 in
1951 3080 2181 3141 laudem
2226 3078 2447 3142 Ganesi
2470 3102 2537 3142 ac
2563 3080 2861 3160 Vishnuis,
2895 3081 3136 3147 inchoat
3174 3086 3458 3167 distichis,

497 3200 712 3264 misere
738 3202 1023 3281 laceratis,
1058 3200 1268 3284 quihus
1294 3200 1690 3264 describendis
1716 3222 1783 3262 ac
1810 3199 2181 3262 restituendis
2210 3199 2466 3261 chartam
2493 3200 2741 3283 perdere
2769 3201 3082 3264 noluimus.

399 3332 451 3383 1.
498 3320 733 3400 Slocus,
768 3322 829 3383 in
868 3322 1146 3384 Editione
1183 3323 1456 3404 impressa
1498 3322 1758 3398 omissus,
1792 3318 2194 3401 auspicatiouis
2235 3318 2543 3382 formulam
2588 3320 2853 3385 continet
2886 3324 2959 3384 ad
2996 3323 3454 3407 numen'supre-
3508 3393 3526 3404 κ

495 3461 657 3500 ιιιιιιιι
691 3438 832 3522 ειῗὲι,
864 3460 971 3520 per
1004 3440 1249 3521 spatium
1289 3451 1350 3500 et
1385 3451 1611 3520 tempus
1648 3438 1977 3499 indivisum.
2052 3438 2123 3496 In
2166 3438 2467 3499 codicibus
2506 3437 2749 3500 omnino
2786 3439 3079 3502 mutilatus
3117 3454 3205 3503 est
3229 3463 3452 3521 versus,

491 3555 593 3637 qui
633 3568 829 3617 tamen
867 3555 1068 3617 abesse
1107 3555 1275 3617 nullo
1317 3555 1499 3616 modo
1540 3566 1791 3635 poterat,
1826 3553 2167 3636 praesertim
2207 3554 2256 3616 si
2283 3553 2640 3616 Scholiastae
2669 3555 2932 3639 regulam
2967 3544 3282 3639 audiamus,
3326 3574 3449 3625 tres

487 3673 880 3736 Bhartriharis
916 3673 1278 3755 potissimum
1318 3674 1611 3735 centurias
1647 3684 2030 3755 spectantem:
2072 3662 2282 3753 πὲῑπῇ
2326 3661 2553 3740 W&
2583 3661 2790 3740 Μῦῇ*
2820 3692 2975 3761 W
3005 3672 3309 3773 Εῒῦϊζὲᾗὴ
3337 3678 3448 3776 ἷῇἷι

489 3789 779 3884 ἷίπῖἲΐῇ
810 3790 940 3859 effi*
979 3815 1004 3856 ιι
1086 3797 1159 3855 In
1186 3793 1338 3857 Cod.
1354 3791 1430 3855 A.
1457 3793 1709 3876 primum
1736 3792 2167 3855 hemistichium
2194 3792 2312 3855 hoc
2340 3793 2518 3858 modo
2547 3792 2791 3879 legiturz

492 4029 736 4108 omissis,
771 4048 880 4112 per
919 4028 1121 4090 calami
1158 4027 1608 4106 festinationem,
1642 4040 1779 4109 post
1813 4019 2007 4090 literas
2043 4025 2216 4093 &²²:¹1
2248 4027 2481 4110 syllabis
2504 4047 2634 4117 ³¹1⁹
2669 4051 2807 4110 quas
2836 4031 2987 4093 Cod.
3002 4033 3071 4094 B.
3098 4034 3443 4117 suppeditat,

487 4146 696 4218 sed-ne
721 4145 804 4207 sic
831 4144 1068 4226 quidem
1095 4156 1346 4205 metrum
1370 4144 1699 4225 perfectum
1729 4154 1815 4204 est
1840 4158 2032 4223 neque
2061 4163 2294 4204 caesura
2319 4144 2648 4224 conspicua.
2724 4148 2796 4206 In
2823 4148 2892 4208 B.
2920 4160 3125 4209 exstat:

1602 4256 2211 4352 &masuam-*653⁰

487 4382 549 4445 in
589 4404 701 4466 qua
739 4382 995 4445 lectione
1032 4380 1400 4466 luypotmesin
1439 4381 1830 4445 desideramus
1866 4382 2300 4471 tantummodo;
2337 4403 2405 4444 ex
2443 4367 2781 4447 coniectura
2816 4384 2995 4471 igitur
3022 4385 3163 4464 bina
3184 4347 3442 4489 epitheta

488 4502 815 4566 induximus
863 4502 1063 4565 Dativi
1117 4525 1248 4566 casu
1304 4504 1631 4597 efformata,
1677 4528 1795 4588 quo
1857 4504 2008 4567 sacto
2054 4517 2115 4567 et
2160 4503 2368 4567 suavis
2395 4504 2801 4589 rhythmorum
2851 4528 3128 4602 numerus
3181 4509 3441 4573 restitui-

490 4638 590 4689 tur
625 4638 685 4687 et
718 4625 967 4688 idoneus
1002 4639 1304 4709 praeterea
1342 4647 1541 4689 sensus
1585 4626 1794 4706 evadit,
1830 4647 2004 4709 quem
2045 4626 2109 4688 in
2150 4625 2421 4691 versione
2464 4625 2861 4711 expressimus.
2942 4624 3076 4717 Q
3094 4629 3297 4692 Schol.
3331 4652 3440 4715 per

491 4743 767 4839 ζπῆιῐιιξ
807 4747 1249 4826 circumscribit,
1299 4759 1434 4810 sunt
1471 4759 1662 4809 tamen
1706 4758 1844 4811 octo
1887 4759 2106 4809 tantum
2149 4747 2303 4811 coeli
2342 4748 2566 4833 plagae,
2598 4747 2806 4830 quihus
2848 4747 2904 4809 h.
2924 4748 2963 4810 Ι.
3006 4749 3214 4831 procul
3256 4750 3434 4814 dubio

493 4880 833 4931 annumerat
866 4878 1143 4949 punctum
1183 4865 1336 4930 coeli
1372 4867 1638 4950 superius
1673 4866 2055 4950 inferiusque,
2089 4868 2211 4932 sive
2248 4879 2313 4930 ut
2347 4879 2521 4951 poeta
2545 4864 2733 4929 Arabs
2758 4866 2819 4927 in
2843 4866 3018 4929 simili
3043 4868 3433 4952 descriptione

2729 4982 2823 5048 23
