4126 5595
1811 526 2320 596 PRAEFATm.
3341 523 3593 600 ‘xxvn

522 721 658 836 θη·
709 724 1042 799 effictum
1092 719 1277 794 illud
1315 745 1498 811 esse,
1556 735 1642 793 ut
1689 717 1895 791 urbis
1947 740 2224 790 nomen
2258 703 2844 814 Kanclzipumet
2875 716 3174 817 puellae
3220 721 3471 820 Vidyd
3504 746 3595 797 ex

524 859 840 937 disticho
894 863 1125 964 priori
1182 861 1484 962 eiusque
1539 854 1835 930 scholiis
1889 852 2080 928 male
2135 851 2544 928 intellectis.
2636 848 2982 927 Ceterum
3032 881 3327 932 carmen
3359 855 3591 935 hocce

527 1005 888 1078 eroticum
940 1003 1179 1104 magni
1229 999 1352 1077 vel
1397 992 1625 1073 hodie
1678 996 2039 1073 aestimari
2079 991 2630 1070 Colebrookius'
2674 1007 2982 1069 testatur
3034 987 3289 1095 (Asiat.
3315 995 3484 1074 Res.
3499 999 3595 1074 X.

525 1169 614 1247 p.
632 1145 855 1241 1119.)
937 1139 1136 1245 quod
1205 1166 1322 1214 ex·
1356 1164 1519 1213 mea
1587 1134 1889 1241 quidem
1954 1123 2310 1209 sententia
2373 1117 2819 1209 hodiernum
2876 1122 3255 1210 Indorum-
3302 1136 3601 1240 pulchri

527 1296 598 1354 et
655 1284 941 1356 venusti
994 1305 1290 1354 sensum
1342 1274 1541 1351 haud
1595 1273 1886 1377 prodit.
1971 1280 2249 1347 ιοιιιιιι
2266 1275 2462 1346 enim
2469 1254 2815 1345 carmen·
2857 1273 3156 1373 siugulis
3188 1260 3363 1349 ‘fere
3417 1302 3594 1353 con-

525 1432 668 1490 stat
729 1415 1073 1518 epithetis
1139 1414 1594 1513 compositis,
1664 1435 1802 1512 per
1861 1413 2243 1509 integrum
2276 1408 2736 1508 frequenter
2757 1406 3124 1482 distichon
3175 1408 3590 1538 protractis,

526 1553 798 1656 quibus
876 1553 1085 1653 nugis
1108 1545 1440 1624 bullatis
1506 1549 1740 1621 serior
1803 1538 2109 1620 mirifice
2176 1535 2582 1619 delectatur
2648 1560 2881 1639 aetas,
2968 1548 3103 1620 etsi
3164 1572 3319 1623 non
3380 1576 3593 1672 pror-

526 1714 648 1765 sus
711 1688 1126 1791 negandum
1189 1703 1298 1762 est
1360 1685 1674 1787 singulas
1738 1682 2130 1759 interdum
2162 1686 2511 1786 imagines
2563 1681 2712 1758 hoc
2763 1681 2992 1758 modo
3045 1688 3238 1815 inter
3288 1708 3366 1761 se
3419 1706 3594 1764 con·

525 1817 940 1928 glutinatas·
974 1827 1343 1900 suavitatis
1410 1820 1739 1925 aliquid
1753 1821 2075 1896 habere.
2165 1820 2354 1895 Nos'
2390 1842 2607 1913 vero,
2698 1825 3048 1922 quoniam
3081 1820 3317 1897 nulla
3360 1826 3597 1902 facile

524 1961 768 2061 lingua
831 1960 1031 2034 talia'
1073 1963 1484 2061 exprimere
1552 1973 1802 2059 potest
1860 1960 2087 2033 verba
2152 1946 2523 2046 sanserita,
2597 1945 2891 2029 sensum
2954 1955 3265 2032 reddere
3316 1960 3594 2034 studui-

525 2117 685 2166 mus
752 2111 828 2167 et
877 2096 1262 2196 epitheton
1312 2092 1391 2164 in
1441 2107 1687 2193 partes
1740 2087 1902 2162 suas
1956 2089 2358 2177 divisimus„
2433 2103 2507 2160 et
2556 2087 2783 2160 modo
2834 2087 3048 2178 illud,
3123 2092 3420 2189 quoad
3415 2073 3592 2170 eius

525 2226 687 2305 fieri
746 2235 1019 2335 potuit,
1091 2228 1716 2317 circumscribere,
1785 2214 2013 2297 modo
2080 2219 2513 2298 adiectivum
2580 2219 2956 2326 quoddam
3007 2243 3360 2324 ornatum,
3423 2233 3592 2334 pul.

527 2369 808 2468 chrum,
870 2369 1275 2469 praedatum
1340 2360 1610 2438 addere
1674 2363 1956 2465 potius,
2019 2358 2245 2465 quam
2308 2364 2387 2435 in
2448 2385 2528 2436 ar
2532 2361 2888 2437 tifieiosa·'
2898 2367 3249 2441 versionis
3308 2383 3591 2492 textura

529 2522 820 2609 tempus
871 2522 1109 2581 terere
1161 2491 1574 2579 maluimus.
1667 2491 1896 2595 Haec,
1958 2516 2178 2605 quae
2198 2484 2600 2605 prudentes
2655 2498 3077 2577 offendere
3087 2504 3220 2578 vix·
3234 2495 3586 2621 pessunt,

528 2641 622 2716 dc
686 2659 1088 2717 satacarum
1152 2645 1370 2715 etiam
1429 2631 1768 2718 versione
1832 2663 1992 2713 mea
2052 2637 2344 2714 valent:
2398 2649 2627 2713 'casus
2692 2642 2891 2714 enim'
2950 2646 3485 2742 grammaticos
3515 2648 3595 2723 id

524 2780 822 2881 singulis
886 2781 1260 2854 sententiis
1327 2793 1546 2880 atque
1610 2792 1843 2851 totam
1905 2776 2444 2854 vocabulorum
2510 2755 2947 2852 structuram
3008 2779 3398 2857 similibus
3427 2786 3592 2861 ubi-

527 2943 672 3021 que
736 2914 1045 2991 reddeic
1112 2913 1307 2989 haud
1362 2913 1748 3008 sollicitus,
1820 2929 2146 2989 mentem
2197 2930 2418 3018 atquc
2470 2917 2845 3019 ingenium
2894 2924 3160 3022 poetae
3211 2924 3595 3045 percipere

523 3056 765 3131 solum
815 3071 1120 3132 conatus
1171 3082 1362 3149 sum3
1422 3070 1534 3130 est
1585 3058 1781 3130 enim
1807 3054 2103 3130 latinae
2155 3054 2447 3191 linguae
2484 3053 2821 3132 indoles
2842 3059 2941 3131 ita
2978 3080 3422 3208 comparata,
3479 3081 3589 3159 ut,

524 3192 603 3266 id
656 3193 858 3295 quod
915 3219 1169 3267 omnes
1220 3207 1499 3267 norunt
1534 3197 1663 3294 qui
1696 3211 1855 3266 rem
1890 3176 2291 3284 tentarunt,
2348 3176 2824 3311 uberrimum
2838 3173 3197 3269 Indorum
3234 3168 3446 3275 usum
3483 3193 3592 3276 di-

532 3326 751 3403 cendi
783 3352 1030 3431 presse
1081 3332 1293 3429 sequi
1341 3332 1463 3402 vix
1514 3352 1598 3401 ac
1650 3352 1745 3401 ne
1796 3332 1918 3402 vix
1972 3326 2306 3427 quidem
2325 3307 2714 3429 possimus.
2756 3331 3091 3405 Veteres
3130 3306 3429 3445 quidem
3465 3358 3589 3413 au-

529 3480 769 3537 ctoies
805 3462 1070 3535 latinos
1121 3460 1533 3562 saepissime
1589 3460 1956 3534 collaudat
1993 3460 2449 3561 Schlegclius
2500 3466 2579 3536 in
2631 3486 2722 3537 eo
2779 3465 2978 3566 quod
3024 3492 3228 3542 more
3264 3468 3591 3548 Graeco-

526 3620 691 3671 rum
722 3596 1085 3672 vocabula
1137 3596 1688 3670 efformaverint
1739 3598 2178 3698 composita,
2232 3594 2396 3669 sed·
2388 3580 2623 3688 haec,
2673 3612 2759 3671 ιιι
2806 3604 2990 3701 pace
3028 3604 3166 3677 viri
3213 3603 3594 3722 clarissimi

527 3731 790 3826 dicam,
848 3735 927 3807 in
975 3730 1346 3809 vertendis
1399 3729 1784 3807 Sanscritis
1835 3724 2030 3807 haud
2087 3736 2328 3834 magni
2380 3741 2550 3809 sunt
2598 3728 2995 3812 momenti.
3052 3739 3333 3845 perlegi
3383 3749 3590 3849 equi-

531 3867 701 3945 dem
762 3870 1162 3973 fragmenta
1220 3871 1517 3964 Lucilii,
1582 3866 1911 3964 Pacuvii,
1981 3872 2391 3974 Enniique,
2442 3871 2897 3975 perlustravi
2960 3901 3042 3950 ea
3109 3904 3297 3981 quae
3362 3864 3589 3959 Scali-

531 4030 658 4110 ger
705 4010 1013 4083 tentavit
1062 4010 1141 4081 in
1190 4007 1479 4110 hymnis
1517 3999 1629 4082 01
1614 4007 1863 4110 ph1cis
1913 4009 2139 4082 latine
2193 4005 2615 4103 reddendis,
2673 4027 2992 4088 attamen
3029 3988 3350 4118 epitheta
3403 4047 3591 4139 quae

497 4140 622 4218 -ad
684 4146 1056 4246 ingenium
1112 4142 1406 4245 linguae
1466 4148 1854 4219 sanseritae
1908 4148 2313 4248 composita
2366 4145 2559 4222 forte
2610 4150 3105 4245 inveniuntur,
3174 4180 3312 4229 nec
3361 4158 3592 4235 multa

532 4298 734 4375 sunt,
803 4300 1048 4385 neque
1109 4280 1301 4356 ultra
1367 4281 1670 4357 classem
1736 4296 1959 4387 quam
2009 4276 2572 4361 Baliuvrihicam
2633 4287 3084 4391 appellamus
3141 4283 3583 4403 procedunt

535 4446 759 4524 quare
821 4420 1346 4524 simpliciorem
1404 4423 1686 4526 ubique
1749 4424 2227 4528 praetulimus
2290 4418 2729 4520 versionem,
2799 4454 2893 4502 ne
2944 4432 3386 4534 ineptiarum
3437 4463 3589 4512 me-

532 4562 677 4635 rito
730 4581 812 4635 ac
863 4558 1362 4635 molestiarum
1413 4586 1955 4658 accusaremur3
2037 4577 2364 4638 ceterum
2414 4580 2683 4659 autem,
2749 4581 2834 4641 ut
2881 4593 3018 4669 par
3070 4585 3204 4663 est,
3240 4571 3582 4669 lacunas,

539 4718 725 4800 quac
775 4702 968 4773 inter
1017 4714 1297 4773 textum
1351 4714 1426 4775 et
1473 4686 1888 4775 versionem
1937 4704 2220 4805 ubique
2272 4705 2765 4795 inveniuntur,
2837 4711 3361 4783 commentario
3414 4738 3583 4815 sup·

536 4831 841 4933 plendas
916 4838 1346 4910 curavimus.
1452 4834 2144 4912 Animadversiones
2218 4854 2500 4914 nostras
2570 4838 2661 4913 ad
2724 4840 3303 4944 archaeologiam
3367 4850 3587 4950 magis

2894 4975 2984 5051 d*
