4126 5595
419 580 428 592 -
515 539 685 664 ‚112
785 666 794 676 ι

401 1124 405 1127 ’
531 1141 651 1228 u.

1340 641 1350 651 ‘
1415 552 2058 618 BfflumenAms
2117 516 2675 620 summme,

709 743 864 824 cur'
889 747 1048 852 ipse
1113 768 1233 820 cas
1282 766 1436 817 non
1491 735 1786 815 ahii'ciat
1831 737 2114 816 homo?
2196 737 2483 844 Sponte
2537 756 3085 845 praetereuntes
3135 745 3569 822 immensum

708 886 930 960 animi
981 879 1316 956 dolorem
1355 873 1816 980 relinquunt,
1875 903 1965 953 ex
2008 878 2312 952 arbitrio
2354 892 2599 953 autem
2637 878 2932 955 relictae
2970 879 3336 957 infinitum
3370 896 3567 958 tran·

712 1018 1089 1121 quillitatis
1139 1011 1484 1115 gaudium
1532 1015 1917 1115 praebent.

710 1151 860 1246 Qui
909 1175 949 1222 e
1000 1146 1245 1223 divina
1298 1149 1599 1220 scientia
1651 1147 1947 1247 sapiunt
1990 1142 2330 1217 homines
2382 1160 2625 1220 mente
2664 1149 2861 1248 puri,
2919 1171 2968 1220 o
3010 1174 3231 1249 quam
3271 1145 3569 1224 arduam

704 1312 861 1363 rem
909 1297 1378 1389 perpetrant,
1447 1277 1652 1386 quod
1703 1280 1824 1358 vel
1874 1277 2134 1384 gaudia
2182 1295 2524 1383 parantes
2585 1278 2921 1358 deserant
2971 1308 3191 1387 opes,
3264 1285 3568 1360 omnino

708 1420 1051 1500 desiderii
1103 1420 1475 1526 expertes!
1543 1416 1705 1494 Nos
1754 1434 1999 1494 autem
2049 1442 2163 1512 ea,
2234 1442 2424 1522 quae
2471 1443 2717 1523 neque
2767 1446 3094 1524 unquam
3140 1419 3564 1516 habuimus,

609 1535 621 1550 ⁸
694 1586 955 1667 'neque
1018 1587 1217 1637 nunc
1280 1559 1636 1636 habemus
1706 1573 1788 1670 'et
1857 1560 1938 1634 in
2007 1558 2274 1663 quibus
2345 1555 2811 1662 possidendis
2869 1556 3082 1636 firma
3133 1556 3573 1636 confidentia

686 1725 868 1774 ¹non
929 1715 1076 1792 est,
1158 1681 1278 1773 ea¹
1305 1700 1644 1799 inquam,
1724 1722 1913 1799 quae
1974 1721 2109 1799 spe
2159 1710 2447 1770 tantum
2516 1691 3281 1799 comprehenduntur,
3355 1697 3574 1772 relin-

534 1961 655 2050 15.

534 2652 653 2726 16.

473 3124 480 3128 ·
535 3191 656 3268 17.

718 1860 943 1939 quere
993 1859 1149 1910 non
1197 1859 1612 1937 possumus.

710 1971 949 2048 Beati'
978 1971 1116 2064 illi,
1189 1995 1533 2072 quorum,
1602 1965 1780 2043 dum
1839 1971 1921 2043 in
1971 1970 2338 2043 montium
2396 1971 2722 2046 cavernis
2773 1966 3111 2046 sedentes
3162 1993 3580 2074 supremum

709 2134 983 2184 numen
1045 2104 1515 2201 meditantur3
1576 2130 1755 2210 prae
1819 2102 2086 2209 gaudio
2153 2105 2553 2182 effusarum
2614 2106 3076 2184 lacrimarum
3138 2123 3371 2212 guttas
3421 2108 3576 2185 ebi-

705 2247 896 2322 bunt
953 2270 1146 2338 aves,
1214 2247 1370 2320 sine
1426 2246 1693 2319 timore
1748 2246 1826 2319 in
1885 2247 2165 2347 gremio
2223 2243 2589 2322 sedentes:
2655 2247 2873 2321 nohis
2918 2261 3162 2322 autem
3212 2248 3357 2325 vita
3404 2247 3576 2322 teri·

708 2398 832 2458 tur
872 2383 1220 2483 pretiosa,
1287 2377 1464 2452 dum
1514 2381 2028 2480 imaginatione
2084 2378 2345 2455 effictis
2400 2380 2718 2483 palatiis,
2774 2381 3068 2456 lacuum
3114 2381 3579 2484 fluminisque

707 2520 1033 2619 riparum
1065 2513 1429 2615 voluptati
1464 2528 1538 2588 et
1570 2529 1959 2587 nemorum
1991 2518 2415 2605 amoenitati
2449 2541 2620 2590 cum
2655 2512 2920 2590 ardore
2954 2518 3217 2590 intenti
3251 2542 3523 2591 sumus.

712 2649 943 2727 Cibus
1007 2647 1456 2724 mendicatus
1525 2663 1601 2722 et
1667 2645 1968 2749 quidem
2035 2673 2126 2722 ex
2187 2675 2378 2752 aqua
2447 2649 2675 2724 semel
2735 2676 2875 2754 per
2939 2647 3135 2724 diem
3205 2665 3570 2742 constans,

714 2812 854 2891 pro
917 2783 1112 2861 lecto
1175 2783 1480 2878 humus,
1547 2809 1690 2888 pro
1755 2786 1970 2860 sociis
2030 2787 2419 2889 proprium
2483 2811 2752 2890 corpus
2815 2783 3324 2863 tantummodo
3343 2841 3364 2880 ,
3431 2810 3575 2891 pro

712 2937 914 3000 veste
975 2946 1261 3024 pannus
1320 2923 1506 2995 tritis
1569 2935 1865 2994 centum
1927 2918 2371 2997 adsumentis
2420 2937 2796 2998 consutus:
2866 2948 3007 2997 nec
3056 2938 3300 2997 tamen
3352 2921 3569 2997 eheu!

713 3054 1144 3158 relinquunt
1192 3079 1533 3128 sensuum
1587 3052 2152 3129 oblectamenta.

711 3188 990 3283 Ubera,
1064 3215 1279 3264 carne
1353 3191 1786 3283 constantia,
1861 3193 2046 3266 vasis
2108 3192 2346 3264 aureis
2417 3185 2944 3285 adsimilantur3
3019 3204 3126 3265 os·
3169 3216 3338 3264 cum
3401 3188 3578 3265 luna

713 3344 1203 3434 comparatur,
1278 3354 1508 3432 quum
1566 3343 1813 3403 tamen
1875 3330 1969 3405 sit
2015 3329 2322 3433 pituitae
2373 3328 2945 3433 receptaculum:
3010 3343 3242 3423 nates,
3308 3325 3580 3405 fluente

466 3469 481 3486 ⁸
569 3482 584 3563 j
706 3471 919 3545 urina
986 3463 1348 3562 madidae,
1418 3464 1713 3572 pulchri
1781 3465 2157 3572 elephanti
2223 3470 2425 3571 genis
2492 3471 3093 3573 aequiparantur:
3170 3469 3275 3543 sic
3336 3469 3579 3543 statim

522 3882 658 3984 gs.

540 4545 662 4619 19.

713 3623 1134 3711 contempta
1187 3623 1297 3684 est
1344 3606 1582 3683 forma
1632 3604 1787 3699 illa,
1858 3630 2047 3710 quae
2102 3609 2551 3710 optimorum
2607 3624 2997 3711 poetarum
3060 3605 3401 3712 epithetis
3452 3631 3575 3681 ex-

712 3742 1141 3818 tollebatur.

711 3875 777 3950 E
825 3873 1246 3977 ,longinquo
1320 3898 1477 3948 rem
1541 3899 1809 3947 novam
1884 3877 2155 3976 repetit
2216 3899 2471 3948 suasor
2538 3890 2649 3965 et,
2733 3873 3091 3948 humilem
3164 3897 3581 3948 sermonem

713 4008 935 4110 longe
987 3996 1313 4086 devitans
1372 4006 1795 4082 hominibus
1852 4009 2226 4081 honorum
2290 4023 2585 4081 coetum
2648 4008 3081 4082 ornantibus
3143 4033 3365 4111 quam
3426 4035 3578 4083 ma-

713 4146 907 4216 xime
974 4141 1261 4217 deditus
1323 4156 1461 4235 est3
1527 4142 1992 4215 terrestribus
2050 4142 2616 4243 cogitationibus
2679 4158 3074 4245 occupatus
3121 4141 3577 4246 pedetentim

717 4291 1018 4350 exornat
1064 4280 1498 4367 orationem,
1554 4272 2203 4377 quemadmodum,
2257 4302 2595 4351 curarum
2639 4279 2985 4353 oneribus
3031 4303 3321 4381 semper
3362 4305 3576 4355 vexa·

715 4426 858 4501 tus,
917 4433 1241 4482 amorem
1294 4407 1623 4510 depingit
1670 4425 1924 4509 poeta.

716 4540 1045 4619 Rationis
1097 4567 1352 4646 expers
1404 4540 1617 4616 culex
1665 4545 1744 4615 in
1805 4540 2174 4615 flammam
2234 4540 2439 4617 volat
2502 4543 2923 4616 acerrimam
2980 4558 3053 4617 et
3103 4545 3321 4647 piscis
3385 4571 3575 4649 quo·

720 4705 866 4783 que
928 4684 1029 4754 ex·
1082 4681 1481 4782 ignorantia
1548 4702 1785 4754 escam
1850 4676 2070 4753 hamo
2136 4674 2450 4752 adfixam
2502 4675 2912 4773 admordet3
2982 4706 3119 4755 nos
3169 4698 3413 4757 autem
3464 4681 3576 4757 di·

719 4814 1222 4917 dignoscentes
1271 4843 1517 4909 sumus
1567 4841 1811 4920 neque
1864 4831 2110 4892 tamen
2172 4812 2628 4920 cupiditates,
2700 4818 2913 4890 tantis
2962 4816 3409 4896 infortuniae
3459 4845 3577 4898 re·

720 4950 915 5026 tibus
967 4957 1416 5045 coniunctas,
1489 4957 1864 5030 evitamus:
1918 4979 2053 5033 vae
2105 4956 2403 5029 immani
2452 4956 2725 5054 ingenti
2774 4957 3086 5054 stupori!
