4126 5595
577 504 748 565 ΧΧΙΙ
1847 495 2355 564 PRAEFATIO.

861 1368 934 1444 7.
1016 1364 1174 1440 Iam
1238 1378 1648 1466 sequuntur
1709 1360 2269 1472 dodecasyllaba
2336 1382 2564 1442 metra
2627 1364 2719 1442 ad
2782 1364 3085 1442 classem
3147 1365 3344 1474 apud
3409 1366 3633 1446 Colc-

574 1504 976 1588 brookium
1034 1504 1420 1608 septimam
1467 1504 1726 1602 Jagcnc*
1764 1506 2231 1606 pertinentia.
2335 1503 2540 1581 Inter
2588 1503 2771 1582 baec
2822 1503 3037 1601 illud,
3111 1504 3315 1611 quod
3365 1510 3638 1584 Druia-

579 1646 998 1719 vilambitam
1060 1656 1401 1734 vocatur,
1471 1638 1669 1743 apud
1719 1638 2249 1717 Bbartriharim
2314 1657 2544 1717 exstat
2604 1640 2847 1743 Sring.
2906 1650 3032 1717 34.
3116 1643 3273 1719 Niti
3328 1648 3453 1718 42.
3508 1652 3632 1717 53.

581 1782 705 1854 87.
749 1786 873 1853 88.
954 1775 1238 1852 Norma
1289 1774 1472 1849 haec
1525 1792 1668 1850 est:

1686 1907 2528 2013 „sel-„sl-„sl-„-11

579 2053 731 2126 sive
795 2065 879 2122 ut
930 2045 1349 2122 Mammula.
1404 2042 1528 2144 (ad
1581 2041 1832 2146 Sisup.
1892 2046 1966 2135 6,
2008 2046 2116 2140 1.)
2169 2041 2477 2118 indicat:
2556 2047 3208 2146 m
3253 2039 3543 2152 Πῆῃῆῖ
3599 2080 3630 2134 n

577 2187 863 2260 Auctor
896 2179 1350 2260 Srutabodhi
1399 2181 1537 2280 (vs.
1562 2183 1727 2279 28.)
1779 2175 2178 2283 productas
2228 2194 2515 2254 tantum
2563 2184 2711 2255 suis
2762 2182 3057 2257 sedibus
3105 2183 3420 2287 syllabas
3455 2210 3634 2259 enu-

581 2338 840 2412 merat,
897 2344 1141 2421 neque
1196 2321 1393 2391 enim
1441 2315 1896 2416 hypotmesis
1947 2317 2026 2388 in
2078 2316 2423 2389 membris
2474 2317 2650 2416 ipsis
2703 2313 2935 2390 adest.

864 2462 940 2528 8.
1018 2451 1630 2553 Antiquissimum
1677 2449 1894 2523 huius
1947 2448 2192 2523 classis
2243 2465 2560 2524 metrum
2616 2451 2708 2527 V
2695 2450 3111 2525 ansas-latam
3161 2468 3297 2543 est,
3356 2454 3431 2525 in
3484 2479 3638 2528 car-

584 2590 904 2666 minibus
938 2589 1164 2692 epicis
1198 2589 1368 2661 satis
1402 2584 1776 2687 frequens,
1823 2588 1901 2659 in
1939 2584 2306 2661 Centuriis
2340 2586 2453 2659 bis
2487 2601 2770 2660 tantum
2800 2602 3256 2689 usurpatum:
3315 2583 3553 2688 Sring.
3570 2595 3638 2660 2.

585 2743 662 2803 et
707 2724 866 2802 Nit.
901 2725 1027 2801 62.
1134 2719 1372 2799 Pedes
1435 2718 1858 2825 suppeditat
1907 2720 2391 2795 Mallindtlzus
2439 2724 2516 2795 in
2569 2718 3091 2825 Ghantapatho
3152 2728 3220 2815 1,
3264 2729 3329 2797 1.
3403 2736 3478 2796 et
3542 2719 3633 2796 ad

585 2862 1086 2968 Sisup.1,1.:
1140 2852 1297 2957 ξιῇῐ
1341 2887 1416 2967 ῖς
1461 2860 1964 2971 &W
2010 2848 2140 2969 ῑῆτ
2193 2889 2225 2945 ιι

583 3133 926 3211 Proxime
989 3134 1208 3234 igitur
1271 3125 1362 3203 ad
1424 3124 2052 3230 Upendravajrzim
2115 3125 2396 3200 accedit
2460 3143 2536 3200 et
2596 3129 2696 3200 ita
2748 3125 3049 3228 quidem
3097 3144 3181 3203 ut
3229 3127 3414 3202 illud
3466 3155 3635 3204 cum

583 3269 932 3346 Ewaldto
997 3267 1221 3367 (iiber
1272 3265 1507 3366 einige
1559 3258 2125 3337 Sanskritmetra
2175 3287 2256 3363 p.
2289 3264 2447 3360 14.)
2498 3260 2975 3336 Vansashtam
3025 3262 3454 3338 catalectum
3506 3290 3636 3339 vo·

583 3380 747 3483 care
797 3407 1061 3510 possis,
1131 3399 1334 3506 quod
1390 3417 1466 3476 et
1513 3399 1773 3475 Kalid.
1829 3395 2123 3477 videtur
2171 3394 2523 3492 indicare,
2581 3395 2757 3474 dum
2809 3398 3289 3503 penultimam
3340 3402 3638 3479 brevem

586 3539 1179 3650 Upcudravajrae
1229 3538 1545 3648 pedibus
1597 3540 1941 3613 insertam
1994 3533 2217 3613 «locet
2266 3536 2406 3637 (vs.
2429 3538 2627 3636 30.):

1495 3674 2147 3787 Ξῆἣῖῑᾩϊῦῒῆς
2192 3677 2403 3771 Εἴθε-ἲ
2448 3674 2593 3782 ἦῖ

1496 3812 1964 3905 suffe-own
2010 3838 2243 3905 aaa:
2298 3813 2609 3921 ετῆτῆῖπε
2685 3839 2718 3896 ιι

588 3950 839 4027 Primo
890 3947 1085 4053 pede
1136 3949 1210 4021 in
1244 3944 1810 4021 Antibacchium
1860 3961 2145 4020 mutato
2199 3943 2397 4019 aliud
2450 3947 2694 4020 statim
2745 3941 2988 4020 evadit
3037 3969 3289 4048 genus,
3346 3951 3463 4021 cui
3513 3947 3635 4022 In-

589 4088 939 4168 dravansa
986 4109 1290 4178 nomem
1343 4099 1737 4187 utrumque
1786 4084 2230 4186 permixtum
2278 4081 2507 4157 habes
2556 4082 2954 4158 Sakuntald
2998 4108 3078 4183 p.
3111 4083 3277 4155 152.

873 4227 948 4300 9.
1002 4219 1123 4299 Ad
1175 4221 1476 4297 classem
1513 4220 1827 4297 Sakkari
1868 4218 2164 4311 dictam,
2224 4216 2776 4321 quatuordecim
2827 4217 3124 4324 syllabis
3159 4218 3488 4293 membra
3524 4222 3629 4295 cs-

590 4365 1056 4453 formantem,
1120 4352 1659 4434 usitatissimum
1720 4360 2040 4461 pertinet
2101 4371 2414 4430 metrum
2474 4355 3051 4453 Vasantaeilakci,
3118 4353 3258 4429 hac
3319 4355 3635 4430 formula

591 4496 683 4570 ad
736 4494 1054 4598 Sisupm.
1099 4497 1320 4586 4,19.
1377 4489 1799 4566 indicatum:
1855 4519 2026 4587 3351
2072 4492 2595 4587 &Hm
2640 4488 3072 4585 mmm-hm
3118 4504 3201 4563 ut
3242 4486 3634 4590 legendtun

593 4654 896 4732 quoque
950 4646 1061 4705 cst
1109 4625 1200 4702 ad
1250 4624 1594 4723 Kiratarj.
1635 4628 1710 4716 7,
1737 4631 1859 4699 40.
1968 4623 2281 4700 Schema
2333 4639 2466 4698 est:
