4126 5595
488 1201 580 1260 68.

1632 517 1888 578 mmm
1943 515 2418 578 SECUNDUS.
3385 503 3549 593 201
3594 521 3600 530 '

622 717 1076 801 intelligendum
1115 726 1221 792 est,
1256 713 1454 797 ignem
1491 723 1762 790 tanquam
1799 710 2028 771 hostem
2065 710 2393 772 coniunctis
2430 709 2651 772 viribus
2689 712 3009 776 devincunt
3025 716 3237 796 amici,
3272 720 3379 783 etsi
3418 744 3548 784 eum

623 835 778 898 vitae
807 835 1181 896 detrimento.
1259 830 1454 892 Aliter
1478 829 1540 890 in
1563 835 1910 905 ffitopadeso
1935 851 1993 911 p.
2013 829 2103 890 24.
2133 828 2206 889 de
2232 828 2415 908 malis,
2450 828 2736 892 beneficia
2769 853 2891 893 non
2919 836 3379 902 retribuentibus
3406 840 3549 904 dici-

623 968 750 1018 tur:
782 977 985 1038 aquam
1028 952 1391 1038 quantumvis
1420 950 1674 1016 calorem
1700 950 1772 1014 ab
1798 949 1936 1035 igne
1962 950 2276 1034 acceperit,
2311 949 2476 1013 illum
2502 963 2697 1014 tamen
2726 953 3094 1041 exstinguere
3127 957 3371 1052 Saga&
3400 953 3552 1030 φῆἁ

621 1067 850 1145 ma·
879 1075 1048 1142 ατεῐάι·
1085 1097 1111 1137 ιι

629 1196 845 1258 Sensus
883 1196 1053 1257 huius
1094 1193 1326 1255 distichi
1362 1194 1435 1254 ad
1472 1213 1703 1255 versum
1731 1204 1820 1255 28.
1859 1193 2128 1273 proxime
2165 1193 2418 1255 accedit:
2454 1214 2759 1273 oceanum,
2795 1195 3001 1259 multas
3041 1209 3216 1279 atque
3241 1210 3549 1283 tantopere

621 1314 779 1375 inter
815 1335 878 1375 se
917 1315 1310 1393 discrepantes
1344 1333 1439 1372 res
1479 1311 1769 1372 serentem
1808 1310 2075 1392 exemplo
2112 1331 2234 1373 esse
2276 1334 2447 1394 posse
2474 1314 2808 1376 hominibus
2835 1327 2900 1375 ut
2924 1335 2985 1377 se
3014 1316 3264 1377 invicem
3288 1317 3550 1380 tolerent

625 1452 919 1513 opemque
945 1430 1057 1492 sibi
1085 1429 1294 1491 serant.
1373 1429 1607 1490 Etenim
1634 1430 1883 1512 primum
1908 1427 1972 1490 in
2001 1430 2149 1490 mari
2175 1430 2429 1492 Vishnus
2457 1430 2631 1492 cubat
2662 1432 2921 1512 serpenti
2958 1433 3145 1495 Sesho
3182 1434 3548 1516 incumbens,

625 1548 839 1611 deinde
866 1549 1042 1633 ipsius
1069 1550 1264 1611 hostes
1289 1548 1411 1611 sive
1436 1546 1632 1626 Asuri,
1665 1565 1919 1642 affiwrr
1947 1565 2068 1645 ff&
2094 1549 2155 1610 in
2184 1568 2406 1610 oceano
2436 1563 2901 1625 commorantur;
2928 1563 3051 1613 tum
3077 1566 3304 1616 montes
3329 1554 3415 1615 illi
3442 1555 3547 1618 alis

622 1670 890 1752 praediti,
926 1671 999 1732 de
1026 1670 1234 1751 quibus
1260 1669 1376 1731 vid.
1405 1689 1552 1750 quae
1578 1668 1730 1729 dicta
1755 1681 1888 1729 sunt
1914 1669 1984 1729 ad
2011 1689 2243 1730 versum
2280 1669 2451 1730 huius
2481 1668 2799 1732 Centuriae
2826 1682 2917 1738 29.
2993 1672 3155 1755 Ignis
3180 1673 3433 1756 denique
3460 1673 3546 1736 ibi

622 1788 774 1851 iacet
807 1806 1116 1856 W:
1147 1789 1335 1850 dictus
1373 1786 1567 1864 (cuius
1601 1785 1876 1846 vocabuli
1908 1784 2153 1868 primam
2196 1799 2371 1869 poeta
2399 1789 2572 1850 metri
2597 1789 2941 1851 necessitate
2969 1792 3216 1872 corripit
3240 1792 3546 1875 syllabam;

617 1907 1104 1986 quemadmodum
1131 1906 1192 1966 in
1225 1910 1587 1964 [luat-aram.
1615 1926 1673 1984 p.
1689 1905 1801 1969 94⁴
1823 1903 1917 1967 πᾶ
1938 1889 2816 1995 ffivflfflffvgffiflwraw
2839 1908 2886 1984 ι)
2920 1907 3043 1968 sive
3072 1909 3243 1969 etiam
3268 1905 3543 2001 ὅπῃ-Γῇ,
3672 1971 3677 1976 ι

618 2034 685 2082 ut
716 2035 803 2083 est
827 2022 979 2102 apud
1011 2029 1222 2080 Clmur.
1242 2033 1354 2095 50„
1389 2020 1545 2079 unde
1571 2018 1722 2098 apud
1749 2025 1958 2088 Roger.
1986 2021 2403 2088 Barrabagem‘
2438 2033 2801 2100 corruptum.
2877 2021 3137 2104 Fingunt
3162 2023 3317 2082 enim
3343 2025 3541 2107 ignem

620 2138 910 2218 quendam
962 2136 1282 2219 mythicum
1343 2135 1530 2197 forma
1582 2134 1834 2218 ingentis
1884 2134 2177 2211 flammae,
2240 2135 2428 2218 capite
2483 2136 2700 2217 equino
2749 2136 3211 2216 instructae,xex
3267 2141 3541 2221 sapientis

622 2257 918 2321 cuiusdam
964 2263 1102 2319 Urvi
1138 2255 1347 2319 lumbis
1375 2267 1606 2319 enatum
1636 2269 1696 2320 et
1722 2254 1929 2318 exinde
1954 2255 2107 2339 apud
2138 2263 2470 2317 Cumauam
2510 2257 2777 2338 (Sakunt.
2805 2281 2862 2341 p.
2879 2260 2970 2322 Μ.
2999 2271 3061 2322 et
3082 2267 3343 2335 Roelmo.
3368 2275 3427 2344 9,
3447 2275 3537 2327 82.

528 2406 538 2416 ·
625 2383 848 2461 1ι,75.)
893 2366 1033 2444 ἧὲῐι
1088 2377 1469 2456 nominatum,
1527 2377 1810 2439 mundum
1847 2376 1990 2440 olim
2039 2376 2366 2441 incendisse
2406 2379 2597 2442 donec
2632 2380 2922 2442 Brahman
2959 2401 3091 2444 eum
3143 2382 3205 2445 in
3256 2404 3537 2448 oceanum

623 2500 955 2588 relegasset.
1032 2499 1126 2563 lbi
1167 2500 1279 2562 iam
1314 2498 1475 2582 aquis
1499 2498 1773 2582 pascitur,
1806 2498 1908 2561 sed
1935 2498 2245 2580 aliquando
2275 2499 2335 2561 in
2362 2511 2576 2562 terram
2602 2501 2819 2564 redibit
2843 2504 3123 2566 mundum
3151 2507 3538 2591 conflagratu-

620 2643 739 2700 rus,
775 2622 868 2685 cui
896 2622 986 2683 rei
1018 2621 1208 2682 innuit
1233 2633 1436 2683 noster
1459 2640 1569 2703 per
1598 2637 1696 2701 εἴ
1725 2605 2101 2685 «Πιπέιῦὲῐὲε
2179 2619 2456 2681 Fabulam
2485 2641 2555 2682 ex
2578 2621 2900 2685 Harivanso
2932 2622 3109 2684 fusius
3137 2636 3366 2686 enarrat
3398 2631 3541 2684 (πιε-

618 2749 742 2800 zn‘us
763 2741 836 2803 ad
863 2741 1196 2804 Sakunt.11.
1214 2752 1413 2822 p.213.
1442 2752 1502 2801 et
1524 2740 1597 2801 ad
1622 2738 1835 2801 montis
1858 2738 2139 2823 ignivomi
2166 2739 2227 2799 in
2254 2739 2424 2802 maris
2449 2739 2638 2821 aliqua
2665 2739 2850 2801 insula
2877 2740 3176 2823 conspicui
3202 2742 3542 2823 eruptiones

622 2857 775 2921 haud
798 2859 1045 2922 absimili
1070 2860 1299 2921 ratione
1324 2859 1531 2920 refert.
1609 2857 1782 2932 Quae
1817 2879 1995 2937 quum
2022 2857 2100 2917 ita
2125 2857 2260 2934 sint,
2297 2857 2544 2918 delenda
2573 2870 2708 2919 sunt
2740 2878 2887 2940 quae
2915 2858 2976 2919 in
3004 2857 3158 2921 libro
3187 2880 3321 2921 meo
3350 2861 3542 2941 (Alter

617 2984 822 3038 Indiem
846 2980 927 3040 11.
955 3002 1013 3061 p.
1028 2978 1151 3059 65.)
1190 2978 1264 3040 de
1302 2977 1439 3063 igne
1473 2976 1798 3061 Bengalico
1835 2975 1894 3037 in
1936 2976 2193 3039 dramate
2232 2976 2541 3039 Sakuntala
2577 2977 2990 3061 proferuntur;
3036 2990 3346 3062 antequam
3388 2978 3545 3042 enim

614 3112 836 3161 textum
862 3099 1200 3161 sanseritum
1230 3098 1517 3179 inspicere
1544 3097 1731 3173 licuit,
1745 3095 1974 3157 Jonesii
1995 3096 2189 3158 versio
2209 3096 2270 3155 in
2297 3116 2561 3157 errorem
2584 3095 2754 3156 facile
2780 3098 2972 3177 potuit
2992 3099 3209 3159 ducere
3234 3098 3543 3180 virumque

621 3217 1072 3279 celeberrimum
1098 3218 1439 3277 Forsterum
1477 3234 1544 3275 re
1585 3233 1725 3274 vera
1754 3213 1933 3273 duxit.
2009 3211 2106 3273 Ad
2133 3212 2453 3275 lectionum
2485 3214 2819 3276 varietatem
2847 3216 3007 3294 quod
3032 3214 3258 3292 attInet,
3294 3214 3539 3278 Cod.A.

623 3335 773 3395 male
813 3335 958 3419 legit
995 3319 1413 3427 wwffiz
1445 3331 1645 3393 Schol.
1672 3348 1877 3395 εΠΠΐΠι
1908 3329 1968 3390 in
1998 3342 2159 3391 textu
2185 3330 2416 3404 habuit;
2449 3332 2610 3411 prius
2635 3331 2874 3393 omnino
2905 3332 3129 3411 falsum,
3163 3354 3355 3413 neque
3383 3334 3539 3395 enim

620 3451 695 3513 de
738 3460 1023 3512 Char-anis
1063 3449 1333 3532 mythicis
1368 3469 1563 3510 sermo
1604 3460 1708 3510 est.
1787 3449 1954 3509 Idem
1984 3446 2191 3509 Codex
2226 3445 2510 3538 fflwffiul
2541 3466 2694 3514 mm:
2737 3449 2992 3525 exhibet,
3026 3470 3186 3511 mera
3222 3452 3539 3530 eorrectio,

617 3568 704 3630 uti
742 3569 994 3647 videtur,
1030 3549 1252 3629 librarii
1291 3567 1391 3648 qui
1427 3586 1552 3628 rem
1580 3566 1653 3627 de
1681 3587 1791 3646 qua
1816 3563 2009 3649 agitur
2034 3564 2222 3627 minus
2248 3565 2404 3628 bene
2428 3578 2819 3649 perspexerat.
2897 3569 2969 3627 In
2994 3568 3251 3630 secundo
3280 3567 3539 3633 hemisti-

616 3687 753 3751 chio
785 3682 898 3781 ῑῦῇ
920 3685 1024 3753 δίἦ
1049 3686 1379 3770 scripsimus
1408 3709 1540 3748 eum
1570 3685 1760 3748 Codd.
1786 3683 1861 3746 A.
1879 3686 1948 3746 B.

559 3850 574 3868 .
624 3808 872 3869 Versum
910 3807 1220 3891 selegimus
1257 3807 1356 3886 qui
1396 3806 1466 3866 ad
1509 3805 1697 3868 hocce
1722 3816 1913 3887 caput,
1949 3824 2164 3867 novem
2189 3802 2452 3893 alioquin
2479 3816 2700 3868 tantum
2723 3804 3024 3868 sententiis
3052 3819 3339 3885 constans,
3375 3828 3538 3870 com-

621 3926 798 3988 mode
835 3937 1033 4008 posset
1066 3924 1278 3985 referri
1319 3935 1381 3985 et
1414 3922 1663 4006 Rogerii
1700 3922 1956 3983 versioni
1983 3922 2362 4001 aliquomodo
2391 3923 2900 4003 corresponderet,
2936 3946 3260 4005 quanquam
3284 3946 3406 3987 non
3432 3945 3538 3986 ne-

615 4064 819 4128 gamus
847 4042 1139 4106 distichon
1166 4053 1432 4103 nostrum
1458 4061 1646 4120 aequo
1673 4040 1801 4100 iure
1827 4039 1897 4100 ad
1926 4051 2099 4120 caput
2120 4058 2370 4119 sequens
2397 4040 2470 4100 de
2499 4042 2816 4103 constantia
2846 4041 3096 4124 relegari
3122 4062 3291 4123 posse
3319 4053 3378 4103 et
3400 4062 3537 4104 sane

616 4158 1084 4221 invisakhadatti
1110 4158 1365 4219 dramate
1382 4162 1875 4216 Mudrarakshaso
1899 4178 1958 4238 p.
1974 4157 2066 4218 ts.
2094 4176 2207 4217 una
2235 4177 2365 4217 cum
2392 4177 2564 4219 versu
2589 4156 2761 4219 nobis
2790 4167 2877 4223 73.
2892 4171 3161 4239 tanquam
3182 4158 3538 4221 constantiae

618 4300 686 4342 ac
714 4278 994 4341 firmitatis
1021 4276 1348 4361 exemplum
1372 4276 1578 4339 asserti
1605 4274 1706 4337 uhi
1729 4274 1998 4339 Wilsoni
2026 4287 2219 4339 tamen
2246 4297 2417 4340 verus
2440 4288 2647 4339 auctor
2671 4299 2791 4340 non
2820 4275 2880 4339 in
2909 4289 3161 4342 mentem
3189 4277 3371 4363 venit,
3397 4277 3540 4342 dicit

621 4401 779 4466 enim
804 4402 943 4485 (ΙΙΙ.
966 4425 1022 4484 p.
1041 4400 1159 4480 72.)
1197 4408 1241 4460 1⁰8
1278 4425 1413 4478 may
1447 4408 1513 4461 be
1547 4407 1788 4459 doubled
1823 4402 1882 4476 ss
1899 4422 2303 4474 perseverance
2338 4406 2388 4459 is
2425 4423 2541 4477 any
2576 4409 2757 4459 where
2781 4410 3208 4461 recommended
3231 4404 3297 4461 ἰή
3318 4426 3359 4460 a
3382 4423 3541 4461 more

619 4532 821 4602 monh·
842 4501 982 4584 'and
1018 4529 1255 4598 spirited
1292 4538 1440 4583 tone.
1517 4518 1627 4583 Ast
1666 4519 1842 4598 enim,
1878 4543 2055 4603 quum
2082 4520 2239 4584 solus
2267 4519 2394 4582 sere
2419 4532 2532 4583 stet
2569 4540 2789 4600 versus,
2823 4520 2885 4582 in
2914 4520 3155 4585 comt.
3182 4521 3444 4597 omissus,
3480 4531 3540 4583 et

620 4647 682 4708 in
718 4645 836 4707 hoc
874 4656 1004 4708 toto
1047 4643 1201 4706 libro
1239 4664 1458 4706 summa
1486 4642 1707 4705 ordinis
1733 4642 2149 4704 sententiarum
2176 4642 2443 4705 confusio
2472 4641 2961 4725 deprehendatur,
2995 4662 3189 4721 neque
3216 4640 3278 4700 in
3302 4639 3533 4723 singulo

622 4764 856 4845 quidem
881 4783 1054 4825 versu
1081 4763 1155 4823 de
1181 4782 1296 4823 una
1318 4773 1544 4822 tantum
1571 4781 1636 4822 re
1661 4772 1864 4844 agatur
1886 4761 1989 4822 sed
2013 4760 2167 4821 varia
2192 4760 2539 4843 plerumque
2563 4772 2869 4841 praecepta
2892 4757 3134 4820 moralia
3158 4757 3274 4818 sint
3290 4756 3533 4837 prolata,

625 4880 950 4964 putavimus
974 4879 1174 4943 locum
1198 4900 1367 4942 suum
1393 4878 1549 4940 inter
1571 4877 1772 4961 adagia
1798 4878 1872 4939 de
1907 4876 2116 4939 officiis
2143 4897 2282 4961 erga
2306 4877 2451 4939 alios
2477 4876 2630 4937 bene
2660 4894 2828 4957 posse
2856 4894 3166 4956 occupare,
3196 4872 3533 4955 praesertim

2829 4984 2926 5055 26
