4126 5595
519 506 692 594 220
999 525 1085 586 ΙΝ
1140 517 1780 585 mhm‘rmuAms
1841 517 2325 582 CENTURIAS
2386 519 3091 588 COMMENTARIUS.

661 725 964 803 adeamus,
1012 721 1112 802 qui
1165 718 1433 802 superbia
1485 714 1666 776 inflati
1705 715 1924 777 donum
1965 716 2316 798 pauperibus
2359 716 2650 802 denegant
2686 719 2796 800 (cl'.
2833 726 3107 796 Ilieopad.
3145 742 3205 803 p.
3223 732 3311 783 20.
3350 722 3416 785 sl.
3431 724 3577 800 620.

668 843 863 907 Codd.
889 841 943 906 A
973 853 1033 902 et
1056 843 1104 899 B
1133 841 1334 922 legunt
1356 850 1567 900 W
1587 850 1664 898 ΞΤ
1684 850 1860 926 Epa:
1889 835 1967 896 ita
1993 847 2058 896 ut
2086 837 2277 897 omnia
2302 837 2373 897 ad
2400 836 2725 897 membrum
2753 837 3085 919 pertineant
3109 839 3454 933 secundum:
3488 848 3583 898 ve!

668 968 895 1035 delapsi
913 982 987 1018 ex
1009 962 1304 1016 arboribus
1330 961 1499 1019 rami.
1527 960 1883 1012 succulentos
1897 957 2137 1027 fructus
2162 971 2218 1012 ee
2244 961 2507 1013 corta-em
2526 949 2884 1028 praebentes.
2910 955 3119 1016 melius
3144 967 3333 1017 tamen
3352 971 3578 1018 W:

669 1077 742 1138 ad
766 1075 1110 1137 antecedens
1139 1071 1396 1133 refertur
1417 1057 1626 1159 ῆῑῖτζτι
1655 1091 1833 1148 quum
1860 1064 1942 1132 ffi-
1967 1090 2185 1131 novum
2214 1070 2544 1131 introducat
2571 1071 2931 1132 enuntiatum
2953 1084 3013 1133 et
3033 1063 3410 1156 affirmagis
3436 1091 3584 1153 poe-

671 1193 846 1255 ticum
872 1190 1152 1254 videatur.
1227 1188 1298 1247 In
1329 1186 1539 1248 scholl.
1567 1186 1967 1267 manuscriptis
1996 1203 2170 1252 mm:
2200 1188 2471 1249 omissum
2500 1199 2586 1249 est
2612 1190 2929 1250 secundum
2956 1190 3237 1253 diversam
3265 1190 3585 1251 lectionem

667 1327 800 1402 ιη’-,τι
849 1328 1018 1391 quam
1057 1319 1117 1369 et
1155 1306 1313 1368 Edit.
1342 1305 1438 1368 Sr.
1476 1305 1694 1388 prodit.
1789 1303 2038 1366 Cod.A.
2079 1294 2342 1371 5331ssss
2379 1305 2584 1369 scribit
2626 1306 2791 1370 salso.
2893 1316 3111 1368 Ventus
3150 1317 3445 1384 superbiae
3482 1325 3584 1373 *π-

663 1446 836 1498 anaa·
861 1428 1161 1515 eleganter
1187 1427 1405 1489 dictum
1433 1438 1545 1488 est:
1580 1424 1751 1487 liuius
1774 1424 1892 1487 Dei
1918 1424 2105 1488 veluti
2143 1425 2296 1488 iussu
2324 1427 2611 1510 (ὅπη-«ζι-
2636 1414 3020 1518 {Qsclnoh
3037 1427 3142 1509 A.)
3166 1427 3473 1512 supercilia
3502 1426 3586 1488 sa-

568 1611 572 1616 .
664 1551 846 1615 stuosi
883 1549 1136 1613 bominis
1174 1548 1400 1626 saltant,
1436 1550 1565 1609 h.e.
1603 1546 1735 1609 duri
1775 1547 1895 1609 oris
1922 1559 2008 1609 est
2033 1548 2158 1629 ipse
2186 1558 2246 1609 et
2273 1547 2528 1609 frontem
2558 1561 2905 1632 corrugatur
2929 1549 3293 1630 perfrictam:
3325 1538 3593 1615 πῦῆπιν-

669 1667 908 1762 Ξῖῐῗξππ
933 1682 998 1732 ut
1024 1668 1227 1730 Schol.
1255 1674 1598 1727 Amant-me.
1624 1669 1706 1727 v's.
1726 1678 1781 1728 2.
1811 1667 2056 1747 explicat
2080 1654 2502 1756 πτπῧὲῆξῖππ
2533 1689 2559 1728 ιι

542 1798 631 1852 27.
678 1785 1048 1869 corrigenda
1087 1797 1252 1845 erant
1285 1770 1444 1858 «ἔτι,
1475 1773 1734 1859 ωῶὲτ,
1766 1783 1932 1846 naa*
1967 1794 2027 1842 ei
2062 1779 2202 1871 ῆῇ
2240 1783 2301 1841 in
2340 1782 2497 1842 Edit.
2526 1782 2618 1842 st.
2658 1783 2960 1862 depravata
2990 1784 3203 1845 omni..
3287 1783 3337 1840 Ε
3363 1780 3591 1842 Senon.

675 1898 810 1990 q&
843 1903 1168 1983 scripsimus
1205 1921 1315 1983 pro
1352 1890 1498 1963 &rei
1535 1899 1693 1979 quod
1731 1899 1921 1960 minus
1959 1899 2258 1960 convenit.
2334 1901 2405 1959 Iu
2436 1898 2586 1960 Cod.
2612 1898 2687 1959 A.
2713 1886 2943 1990 πῦρ-[ᾖε
2974 1911 3152 1961 exstat
3188 1899 3324 1960 loco
3362 1887 3590 1985 ηπῑῇε

676 2019 886 2081 eodem
923 2039 1120 2080 sensu:
1155 2041 1270 2076 non
1309 2024 1486 2076 miser
1519 2016 1790 2078 eximium
1818 2017 2102 2101 significat
2127 2020 2351 2108 (guaer
2376 2016 2640 2096 Schol.);
2673 2017 2829 2080 idem
2858 2038 2967 2101 pro
2991 2013 3363 2110 ίὲπῖὶἒιζᾱῐ
3388 2016 3595 2100 legen-

673 2139 809 2200 dum
837 2137 1000 2200 iubet
1024 2127 1409 2230 ffimssffffl
1433 2137 1677 2199 omnino
1703 2136 1874 2198 male.

543 2269 633 2320 28.
677 2257 802 2318 Pro
839 2246 1036 2344 affine
1067 2256 1217 2318 Cod.
1234 2255 1308 2318 A.
1338 2268 1399 2317 et
1425 2254 1627 2317 Sebol.
1653 2242 1797 2319 επῖπ
1821 2255 2153 2337 scripsimus
2180 2276 2373 2336 neque
2399 2257 2515 2318 ulla
2544 2269 2845 2337 praeterea
2871 2256 3035 2316 adest
3061 2255 3380 2317 lectionum
3408 2253 3596 2315 varie-

679 2385 763 2434 tas
788 2374 849 2432 in
877 2393 1048 2434 versu
1077 2373 1424 2450 ceteroquin
1455 2371 1733 2431 facillimo
1768 2373 1868 2450 qui
1897 2373 2301 2431 commentarii
2329 2374 2464 2433 loco
2491 2372 2971 2432 antecedentibus
2999 2384 3103 2431 est.

545 2497 634 2554 29.
679 2487 734 2546 E
781 2500 980 2580 mente
1014 2488 1219 2549 Sebol.
1257 2487 1632 2567 concepimus
1669 2489 2035 2563 sententiam,
2065 2477 2111 2549 ἢ
2147 2509 2267 2548 non
2306 2489 2377 2548 ad
2414 2488 2681 2550 homines
2719 2488 2819 2549 sed
2845 2488 2917 2548 ad
2953 2495 3072 2545 dies
3100 2486 3445 2562 referentes,
3479 2506 3599 2563 quo

677 2605 898 2667 varians
939 2605 1118 2667 lectio
1162 2624 1399 2685 quoque
1443 2604 1504 2664 in
1549 2603 1699 2666 cod.
1717 2605 1786 2665 B.
1827 2605 2105 2687 pertinet,
2153 2592 2290 2683 «ᾓὲπ
2330 2605 2467 2667 loco
2505 2601 2644 2670 ιπῑῆ
2681 2625 3045 2688 proponens;
3079 2623 3275 2664 sensus
3302 2602 3457 2663 enini
3485 2613 3599 2661 estt

677 2742 820 2804 opes
871 2723 1106 2805 quidem
1163 2722 1453 2807 augebant
1503 2722 1591 2782 illi
1629 2722 1753 2784 dies
1790 2722 2017 2783 miseria
2060 2722 2421 2801 coniunctas,
2472 2745 2593 2785 non
2637 2737 2830 2786 autem
2873 2723 3048 2786 animi
3100 2720 3598 2802 tranquillitatem,

682 2863 829 2925 quae
849 2839 942 2905 ‘ex
967 2862 1162 2905 rerum
1201 2842 1548 2905 sensualium
1575 2854 1914 2924 contemptu
1942 2842 2174 2903 demum
2201 2844 2511 2906 enascitur.
2587 2841 2797 2910 Wffi:
2826 2846 2991 2906 Dens
3018 2845 3285 2905 Kuverus
3313 2854 3398 2904 est
3424 2860 3594 2921 quem

683 2962 904 3024 sordidi
943 2974 1164 3024 tantum
1203 2962 1469 3023 homines
1510 2959 1732 3023 colunt.
1812 2962 1933 3021 Pro
1970 2957 2131 3040 ξΐῇᾗ
2156 2960 2388 3022 Cod.B.
2418 2962 2563 3045 legit
2596 2950 2803 3053 ζῆτῇἶ
2826 2963 2984 3041 quod
3016 2961 3155 3021 ferri
3182 2972 3391 3042 potest.
3469 2959 3594 3018 Ad-

683 3079 833 3154 dam,
869 3098 944 3138 ne
984 3079 1121 3157 quid
1151 3080 1443 3137 desideret
1472 3077 1681 3152 lector,
1717 3078 1922 3136 Schol.
1951 3078 2517 3155 interpretationem,
2552 3080 2771 3139 omissis
2798 3090 3018 3138 tantum
3047 3091 3233 3137 textus
3258 3077 3597 3156 quibusdam

680 3192 1006 3254 vocabulis:
1049 3209 1148 3272 RQ
1190 3180 1338 3255 ττᾶπι
1386 3208 1500 3255 Hm·
1549 3188 1681 3255 &3²¹1
1722 3187 2248 3274 Πῖἓᾱῑῖἒῐᾶϊῐᾞωτ
2292 3182 3600 3277 ῆϊῦῒΞἿῖἒῐῖεεῐῑ-[ωῐπτεῐῖπῆἦῦῗῐξῦηῐπῗ

675 3304 1690 3405 πεᾳξῆὴἷέἒῐὲετῖώιῐεῆι
1742 3297 3355 3403 ὲαῗῇυπηέτῑπὲτατᾶπῒζιατσηῑτῆτζῆπῳι
3411 3332 3422 3369 ι
3470 3298 3603 3399 gaii

675 3417 2474 3520 ῦὲὮπΤΠῐῒπῐὲῐῑΠεῆεὗέπῑξῖ-πξᾶεῆὲῦτεπῦῦῒὲζυῇι

545 3561 633 3613 30.
684 3547 924 3633 Optime
962 3549 1155 3612 locum
1194 3573 1362 3612 suum
1391 3571 1680 3633 occupare
1709 3549 1939 3614 videtur
1966 3569 2165 3612 versus
2191 3571 2364 3631 quem
2393 3549 2509 3611 lmc
2539 3549 2810 3614 traximus
2838 3573 2871 3614 e
2899 3551 3055 3613 libro
3087 3552 3350 3615 secundo
3380 3558 3491 3632 (vs.
3510 3564 3598 3613 52.

675 3670 833 3732 Edit.
864 3671 1013 3732 Srir.
1040 3694 1098 3753 p.
1117 3674 1257 3750 51.);
1292 3672 1456 3744 deest
1479 3672 1539 3730 in
1567 3669 1642 3731 A.
1680 3644 1888 3731 desunt
1912 3669 2151 3732 Scholia
2180 3682 2240 3731 et
2270 3677 2550 3740 nogerius
2575 3671 2742 3729 aliam
2769 3672 3113 3745 sententiam
3141 3671 3378 3731 exhibet
3405 3671 3462 3729 in
3492 3671 3596 3728 Sa-

678 3787 816 3847 tacis
853 3785 1007 3846 baud
1048 3800 1382 3848 exstantem.
1460 3788 1676 3846 Nostra
1713 3805 1858 3847 vero
1896 3806 2004 3865 per
2040 3805 2103 3846 se
2142 3786 2275 3845 satis
2301 3786 2602 3865 perspicua
2629 3787 2915 3845 sententia
2946 3787 3141 3862 docet,
3176 3799 3429 3863 quatuor
3455 3805 3601 3858 esse,

678 3900 888 3981 quibus
915 3904 1159 3964 omnino
1188 3904 1483 3963 bominem
1510 3922 1630 3964 non
1664 3921 1833 3983 posse
1862 3920 2083 3976 carere,
2118 3901 2392 3960 nimirum
2420 3903 2639 3977 Deum,
2665 3901 2933 3977 amicum,
2977 3900 3339 3962 domicilium
3374 3914 3433 3962 et
3459 3921 3603 3961 uxo-

676 4040 824 4096 rem,
852 4042 1104 4100 quorum
1130 4022 1238 4083 nisi
1262 4020 1351 4082 sui
1376 4021 1610 4103 generis
1636 4019 1920 4101 optimum
1946 4018 2222 4099 quodque
2251 4018 2459 4080 habeat
2484 4018 2578 4081 vel
2606 4019 2858 4100 pessimo
2885 4031 3079 4094 utatur
3101 4039 3340 4082 necesse
3368 4033 3473 4082 est.
3496 4019 3600 4079 vi·

678 4138 779 4201 des
813 4138 983 4200 simul
1023 4160 1090 4200 ex
1133 4139 1389 4201 auctoris
1416 4150 1611 4200 mente
1638 4138 1842 4199 Sivum
1868 4139 2043 4199 deum
2070 4136 2335 4198 Visbnue
2361 4137 2726 4198 inferiorem.
2808 4136 2971 4212 Quid
2996 4128 3107 4228 τῇ
3130 4138 3202 4199 sit
3228 4139 3361 4200 satis
3388 4158 3458 4199 ex
3487 4157 3594 4219 op-

680 4258 870 4340 posito
913 4250 1099 4349 5235
1136 4271 1404 4341 apparet,
1450 4258 1677 4320 scilicet
1718 4257 2176 4339 contemptibilis
2218 4256 2469 4318 feminae
2509 4276 2544 4317 e
2584 4255 2857 4318 muliebri
2896 4270 3059 4339 parte
3097 4257 3454 4334 nominatio,
3513 4257 3597 4317 uti

681 4374 815 4436 alias
841 4377 1010 4436 etiam
1035 4394 1139 4460 πῖι·
1163 4379 1409 4454 (concha
1432 4378 1583 4457 apud
1611 4377 1913 4453 Plautum)
1947 4397 2202 4454 quocum
2230 4375 2338 4435 cfr.
2362 4392 2450 4464 ῃ·
2475 4375 2736 4436 neutrius
2765 4375 3008 4436 formae.
3047 4408 3127 4422 —
3166 4373 3447 4438 Ceterum
3477 4374 3596 4434 Co-

686 4489 793 4550 dex
819 4494 886 4551 B.
913 4492 1099 4554 minus
1125 4494 1277 4554 bene
1306 4494 1633 4573 transponit
1654 4490 1768 4558 &3⁶1
1790 4478 1903 4556 ἓάι·
1929 4505 1987 4553 et
2013 4504 2215 4573 postea
2248 4508 2389 4581 ῑπῐτ
2411 4480 2566 4555 ἔπη.

550 4616 641 4666 31.
690 4605 1038 4668 Encomium
1078 4610 1194 4669 cibi
1234 4610 1601 4689 emendicati,
1636 4631 1756 4691 quo
1797 4610 2059 4695 Yogines
2095 4622 2433 4688 vescuntur,
2466 4608 2727 4671 annectit
2761 4619 2934 4689 atque
2960 4608 3096 4670 huie
3122 4608 3258 4671 cibo
3286 4608 3462 4669 multa
3492 4608 3593 4667 ad-

683 4722 929 4785 haerere
955 4728 1256 4788 commoda
1281 4729 1602 4807 contendit,
1630 4729 1848 4791 etenim
1866 4729 2053 4792 victus
2079 4729 2178 4791 tali
2201 4729 2383 4790 modo
2404 4740 2765 4811 comparatus
2790 4735 3047 4788 timorem
3068 4735 3351 4787 abscindit
3369 4723 3597 4805 (ᾗ),

626 4830 637 4847 ’
680 4853 926 4922 propter
962 4843 1122 4908 sures
1159 4858 1294 4928 puta
1334 4847 1592 4929 aliosque
1632 4847 1902 4912 fortunae
1938 4869 2121 4929 casus,
2155 4850 2365 4931 quibus
2391 4848 2682 4912 obnoxiae
2706 4859 2839 4912 sunt
2864 4866 3032 4929 opes:
3066 4845 3244 4907 multa
3272 4846 3409 4907 dein
3436 4854 3594 4913 vitia,
