4126 5595
1664 542 2103 608 CENTUMA
2158 493 2579 609 snc'UNnA.
3251 549 3261 567 ³
3481 527 3646 620 105

1502 733 1507 737 ’
1586 755 1679 803 nn
1730 756 1867 802 ora
1913 754 2104 802 anns
2150 753 2642 803 rmus-ranna.

580 869 708 942 62.
765 865 1166 942 Inclinatae
1216 862 1561 941 videntur
1608 865 1909 939 arbores
1958 864 2236 938 fruetus
2289 889 2542 957 onere,
2571 923 2575 927 .
2600 889 2738 966 per
2785 874 3021 968 aquas
3052 865 3381 944 salubres
3424 866 3638 946 deor-

576 1277 701 1348 63.

572 1688 699 1760 04.

569 2100 695 2175 65.

571 2514 697 2588 66.

561 4015 689 4086 68.

562 4562 687 4635 69.

766 1031 931 1080 sum
992 1003 1325 1078 seruntur
1387 1003 1659 1077 nubes:
1729 1027 1868 1076 nec
1928 1025 2086 1075 sese
2140 1000 2459 1076 efferunt
2506 999 2842 1076 homines
2893 1004 3116 1105 probi
3166 1022 3478 1109 propter
3528 1003 3637 1083 di·

763 1142 1002 1234 vitias3
1057 1143 1161 1215 sic
1211 1154 1470 1212 natura
1522 1152 1630 1212 est
1681 1163 1940 1212 eorum
1993 1139 2123 1239 qui
2175 1137 2358 1211 alius
2408 1137 2854 1212 beneficium
2899 1145 3487 1219 remunerantur.

757 1271 977 1350 Auris
1042 1301 1182 1379 per
1247 1273 1697 1349 auditionem
1747 1276 1960 1364 nitet,
2034 1299 2190 1348 non
2239 1300 2377 1374 per
2425 1277 2786 1367 inaures;·
2823 1299 2961 1376 per
3012 1273 3293 1350 donum
3343 1305 3631 1373 manus,

758 1435 915 1484 non
978 1426 1222 1485 autem
1270 1436 1414 1510 per
1462 1408 1821 1502 armillas;
1889 1433 2162 1510 corpus
2225 1433 2363 1511 per
2412 1405 2987 1482 misericordiam
3040 1434 3209 1513 erga
3249 1409 3444 1488 ⁴alios
3494 1415 3630 1488 mi·

757 1548 943 1622 seria
989 1545 1323 1640 afflictos,
1382 1572 1539 1621 non
1587 1571 1725 1650 per
1771 1543 2162 1620 santalum.

756 1685 1079 1764 Vitiosos
1146 1686 1537 1780 abalienat,
1604 1684 1821 1761 saluti
1880 1680 2271 1779 incumbit,
2339 1700 2617 1760 secreta
2670 1683 3018 1779 occultat,
3073 1687 3376 1763 virtutes
3424 1713 3630 1787 reve-

740 1823 883 1919 iat,
941 1824 1291 1902 afflictum
1336 1851 1492 1900 non
1542 1822 1838 1917 deserit,
1893 1850 2035 1929 pro
2082 1840 2421 1928 tempore
2468 1821 2720 1900 donat:
2776 1823 2960 1899 haec
3008 1841 3178 1901 sunt
3218 1829 3420 1931 signa
3466 1830 3628 1932 qui-

749 1964 888 2037 bus
938 1965 1124 2038 boni
1174 1967 1487 2038 amicum
1541 1960 1970 2037 describunt
2015 1959 2344 2036 fidelem.
2984 2061 2989 2069 ι

750 2098 1321 2175 Nelumbiorum
1364 2100 1578 2173 iubar
1623 2095 1969 2201 expandit
2012 2097 2156 2188 sol,
2213 2096 2387 2170 luna
2433 2098 2718 2200 aperire
2766 2097 2973 2173 iubet
3014 2096 3460 2174 Menianthis
3504 2125 3624 2176 ca-

751 2236 998 2333 licem,
1065 2264 1224 2315 non
1288 2235 1676 2312 sollicitata
1730 2234 1964 2310 nubes
2024 2259 2288 2340 aquam
2344 2249 2591 2311 tamen
2647 2232 3053 2312 distribuit:
3121 2234 3304 2313 boni
3358 2253 3621 2342 sponte

754 2404 895 2481 pro
946 2377 1261 2451 aliorum
1310 2375 1540 2450 salute
1588 2378 1778 2451 vires
1827 2372 2245 2449 intendunt.
3160 2383 3169 2395 ‘

752 2512 1016 2588 Probi·
1049 2511 1386 2588 homines
1435 2529 1616 2587 -sunt
1640 2512 1801 2603 -illi,
1872 2514 2002 2612 qui
2033 2510 2377 2586 'aliorum
2437 2512 2656 2585 rebus
2719 2536 3020 2614 operam
3071 2509 3623 2606 dantespsuam

748 2650 1004 2749 ipsius.
1039 2646 1430 2719 utilitatem
1480 2672 1639 2720 non
1687 2648 2129 2747 respiciunt;
2195 2642 2532 2717 homines
2583 2644 2915 2744 vulgares
2964 2649 3057 2737 ii,
3128 2648 3274 2747 qui*
3308 2613 3622 2720 aliorum

751 2785 860 2856 rei
925 2776 1247 2854 studium
1302 2805 1458 2852 non
1508 2776 1973 2881 impendunt,
2030 2794 2426 2879 antequam
2476 2804 2682 2851 suam
2729 2779 3231 2880 perfecerunt3
3284 2778 3622 2856 homines

749 2915 1045 2991 furiales
1106 2929 1276 2989 sunt
1337 2912 1476 3005 illi,
1549 2916 1680 3016 qui
1739 2912 2054 2988 alienam
2104 2911 2415 2988 salutem
2465 2916 2578 2988 sui
2630 2911 3004 2988 commodi
3057 2940 3305 2990 caussa
3357 2905 3619 2990 disturss

746 3055 966 3149 bant3
1035 3049 1419 3157 quomodo
1480 3067 1725 3127 autem
1790 3050 1903 3125 illi
1962 3055 2110 3127 sint
2175 3049 2637 3155 appellandi,
2707 3054 2838 3155 qui
2902 3052 3103 3127 nulla
3157 3079 3405 3129 caussa
3448 3053 3620 3130 for·

745 3207 1001 3267 tunam
1052 3190 1347 3264 alterius
1398 3190 1857 3281 subvertunt,
1915 3191 2194 3263 nescio.

671 3381 691 3402 .
747 3328 861 3400 Ex
911 3327 1100 3402 lacte
1151 3350 1410 3427 aquae,
1478 3326 1724 3399 animo
1778 3322 2194 3416 destitutae,
2266 3350 2521 3399 omnes
2568 3327 2871 3401 virtutes
2926 3342 3326 3403 evenerunt
3375 3343 3612 3404 anteat

749 3488 938 3565 aqua
999 3465 1252 3564 igitur,
1320 3459 1528 3533 lactis
1594 3475 1876 3532 aestum
1922 3462 2338 3563 percipiens
2401 3475 2668 3562 sponte
2719 3477 2950 3535 semet
2998 3464 3241 3564 ipsum
3290 3464 3440 3564 igni
3490 3460 3618 3538 de-

744 3613 995 3691 vovet3
1049 3596 1164 3672 lac
1203 3622 1410 3688 ver0,
1469 3598 1683 3669 amici
1721 3621 1967 3669 casum
2000 3592 2286 3689 videns,
2344 3599 2838 3690 contristatur,
2895 3600 2975 3670 in
3013 3595 3375 3672 flammam
3414 3599 3616 3675 abire
3658 3624 3665 3632 ·

745 3739 953 3840 cupit
1016 3750 1116 3828 et,
1187 3761 1356 3809 cum
1419 3759 1609 3836 aqua
1677 3730 1973 3808 demum
2040 3735 2562 3826 coniunctum,'
2619 3736 2928 3836 quiescit
2986 3734 3152 3810 talis
3201 3738 3459 3840 utique
3511 3754 3622 3813 est

743 3874 1118 3948 bonorum
1167 3874 1506 3946 amicitia.
3305 3889 3310 3893 ’
3420 3881 3428 3890 ’

742 4010 862 4084 Ibi
930 4008 1203 4083 dormit
1261 4008 1627 4099 Kesavus,
1693 4007 1800 4080 ibi
1866 4010 2085 4082 etiam
2146 4010 2371 4108 ipsius
2433 4006 2760 4082 hostium
2818 4009 3035 4082 turba
3054 4064 3074 4100 ,
3143 4011 3250 4083 ibi
3314 4034 3618 4113 quoque

745 4142 1127 4218 dormiunt
1173 4142 1536 4243 refugium
1591 4158 2023 4244 quaerentes
2075 4157 2364 4215 montes
2415 4141 2614 4234 alati,
2682 4144 2787 4215 ibi
2839 4138 3161 4244 denique
3210 4146 3394 4244 ignis
3440 4145 3615 4218 sub-

744 4283 1065 4355 marinus
1127 4295 1627 4354 commoratur
1701 4306 1870 4352 cum
1932 4280 2274 4353 omnibus
2335 4279 2557 4353 rebus
2619 4277 2975 4354 mundum
3042 4277 3609 4357 destruentibus:
3706 4310 3712 4317 ·

750 4445 798 4495 o
853 4445 1074 4522 quam
1121 4416 1379 4510 latum,
1434 4416 1759 4492 validum
1813 4433 1886 4492 et
1942 4419 2182 4491 oneris
2233 4420 2516 4520 patiens
2570 4432 2680 4492 est
2731 4420 3071 4521 aequoris
3123 4419 3421 4522 corpus!

748 4555 906 4634 Cur
951 4554 1337 4632 testudinis
1392 4553 1613 4629 dorso
1667 4581 1756 4629 ex
1807 4579 2030 4629 onere
2085 4551 2306 4628 dolor
2353 4580 2510 4630 non
2563 4571 2673 4630 est
2718 4571 2803 4631 ut
2848 4572 3116 4630 terram
3157 4554 3284 4630 illa
3325 4553 3617 4633 deiiciat

750 4712 823 4770 et
876 4721 1006 4768 cur
1053 4692 1197 4768 soli
1252 4682 1808 4793 non'contingit
1848 4690 2172 4792 fatigatio
2216 4692 2314 4765 ob
2357 4718 2579 4793 quam
2617 4692 3013 4767 immobilis
3055 4690 3349 4767 sedeat?
3391 4718 3609 4793 quam

754 4831 851 4902 ob
890 4853 1045 4901 rem
1080 4830 1299 4928 igitur
1332 4830 1802 4928 propositum
1835 4826 2260 4928 relinquens
2284 4830 2395 4902 vir
2420 4824 2761 4902 cordatus
2788 4844 3033 4901 mente
3066 4825 3427 4929 pudorem
3453 4848 3607 4898 non

754 4962 1111 5064 concipit?
1154 4960 1246 5035 In
1273 4961 1494 5035 rebus
1522 4962 1789 5035 oblatis
1822 4965 2381 5065 perseverantiaz
2426 4961 2608 5036 haec
2638 4965 2753 5038 via
2787 4965 3126 5062 regia-est
3155 4959 3550 5070 bonorum.

2910 5105 2939 5167 1
2957 5098 3002 5166 4
