4126 5595
516 768 522 777 -
568 726 695 795 98.

573 1540 697 1612 99.

526 2090 696 2156 100.

1648 591 1653 598 .
1691 538 2404 602 suPPLEMEN'rtm.
2507 593 2513 600 .
2627 558 2629 561 v
3396 517 3578 608 125

753 721 1121 796 Pabulum
1183 724 1537 794 innocens
1600 736 1675 793 et
1734 720 1974 793 nullo·
2007 719 2264 793 labore
2327 716 2737 819 parandum
2788 736 3066 794 ventus·
3096 738 3252 824 per·v
3291 731 3569 797 creato-

755 875 914 928 rem
975 856 1436 958 serpentibus
1497 869 1608 928 est
1670 852 2063 929 destinatus
2132 869 2206 928 et
2252 866 2556 956 pecora,
2622 878 2809 955 quae
2861 856 3200 955 graminis
3253 857 3570 957 germina

759 990 1014 1069 edunt·
1051 1008 1271 1094 atque
1339 995 1417 1066 in
1479 993 1709 1096 pratis
1776 988 2189 1085 dormiunt,
2271 1016 2408 1094 per
2481 989 2693 1065 illum
2757 1015 3060 1094 quoque
3120 995 3579 1092 nutriunturt,

712 1190 716 1193 .
764 1128 1019 1204 eadem
1066 1126 1395 1206 conditio
1440 1145 1690 1234 parata
1728 1127 2327 1242 estflhominibus,
2384 1142 2628 1202 mente
2673 1125 3022 1231 praeditis
3068 1128 3326 1204 mundi
3372 1153 3577 1205 ocea-

755 1294 934 1340 num
998 1265 1426 1368 enavigandi
1487 1269 1839 1367 patiente;
1911 1291 2133 1366 quam
2184 1268 2247 1339 si
2298 1254 2662 1366 quaerunt
2697 1262 3248 1359 ’conditionem,
3280 1287 3290 1295 ·
3320 1290 3575 1364 omnes

757 1403 1000 1482 animi
1031 1398 1242 1475 dotes
1296 1403 1631 1476 celeriter
1681 1398 1770 1473 ad
1821 1400 2378 1501 perfectionem
2403 1382 3010 1502 proficiscunmr.·
3086 1453 3090 1456 Δ
3207 1446 3218 1466 .-

755 1536 999 1614 Verba
1053 1536 1253 1614 danti
1302 1539 1475 1614 talia
1524 1533 1837 1612 reddant
1887 1537 2015 1640 qui
2068 1538 2276 1639 nugis
2327 1531 2609 1611 adsueti
2660 1535 2858 1611 sunt!
2908 1561 3047 1611 nos
3099 1560 3273 1613 vero
3324 1560 3367 1611 a
3401 1535 3574 1612 fuco

755 1677 1113 1752 immunes
1187 1675 1436 1752 verba'
1491 1673 1665 1750 dare
1740 1647 1900 1750 ¹non
1965 1701 2395 1778 possumus:
2480 1676 2800 1779 insignis·
2839 1677 3089 1779 potius
3153 1677 3233 1749 in
3296 1672 3575 1750 mundo

754 1817 1051 1889 scientia
1114 1808 1625 1905 distribuatur,
1693 1839 1937 1917 neque
1999 1811 2278 1916 leporis
2343 1839 2613 1889 cornu:
2685 1815 2850 1916 quis
2915 1816 3113 1889 enim
3171 1813 3378 1889 alteri
3429 1810 3578 1888 hoc

753 1949 1140 2051 praebeat?
2642 2048 2646 2052 ⁵
3483 2021 3494 2033 .

751 2082 992 2158 Antea
1057 2085 1410 2183 sapientia
1475 2059 1948 2171 mortalium,
2008 2097 2255 2155 mente
2297 2100 2711 2183 sputorum,
2780 2086 2861 2155 in
2922 2086 3113 2157 curis
3175 2081 3575 2158 alienandis
3625 2105 3629 2110 ·

758 2218 1170 2312 constabat3
1225 2213 1676 2320 procedente
1725 2231 2060 2320 tempore
2112 2215 2586 2291 sensualibus·
2615 2214 3042 2292 hominibus
3087 2219 3167 2292 in
3201 2214 3575 2323 captandis

762 2380 1105 2430 sensuum
1168 2354 1724 2431 oblectamentis
1792 2356 2083 2431 evanuit
2146 2354 2310 2430 illa:
2381 2352 2655 2460 quodsi
2711 2357 2854 2430 iam
2918 2373 3117 2432 nu'nc
3150 2357 3565 2460 principes,

485 2479 533 2531 ’·
636 2535 641 2541 ·
711 2537 716 2543 -
766 2495 1101 2594 exiguum
1166 2509 1445 2570 tantum
1499 2495 1698 2569 orbis
1749 2507 2110 2568 terrarum
2150 2491 2681 2597 possidentes,‘
2720 2491 3059 2569 homines
3094 2491 3408 2593 ,allibris
3433 2517 3571 2580 ,sa-

761 2631 923 2711 cris,
961 2627 1307 2705 recedere
1368 2629 1658 2723 vident,
1731 2628 1958 2722 eheu,
2016 2632 2243 2731 magis
2280 2633 2667 2733 magisque
2715 2629 2995 2705 indiem
3044 2631 3393 2733 sapientia
3447 2628 3571 2703 illa

761 2761 1217 2867 deprimitur!

3319 2922 3327 2958 ³
3442 2973 3449 2980 .

1576 3331 2525 3466 SUPPLEMENTUM.
2580 3329 2639 3379 ·³'
2832 3363 2839 3374 ·

679 3629 697 3650 .
760 3576 1108 3653 Coerceri
1168 3592 1417 3681 potest
1477 3579 1661 3680 ignis
1715 3581 1932 3683 aqua,
2002 3581 2178 3657 solis
2231 3582 2434 3695 calor
2461 3582 2834 3675 umbem,
2874 3581 3203 3686 'elephas
3241 3583 3573 3659 furiosus

756 3712 1052 3787 stimulo
1125 3730 1381 3806 acuto,
1475 3714 1614 3788 bos
1695 3731 1776 3794 et,
1832 3720 2074 3792 asinus
2137 3717 2365 3809 fuste,
2448 3719 2779 3792 morbus·
2825 3718 3568 3802 variorum,.rne‹lica-

763 3864 1178 3922 mentorum
1243 3848 1673 3950 complexu,
1749 3854 2222 3927 carminibus·
2253 3852 2640 3929 salutiferis
2701 3880 3102 3929 venenum:
3173 3858 3569 3934 siouomni·

762 3982 900 4054 bus
952 3983 1170 4056 rebus
1222 3985 1301 4056 in
1351 3980 1614 4057 Sastris
1665 3984 2025 4059 medicina
2075 4003 2362 4087 parata,
2433 3987 2658 4061 stulto
2722 4004 2964 4062 autem
3027 4016 3181 4062 non
3248 4004 3357 4063 est
3418 4014 3567 4062 me-

762 4112 1281 4190 dicamentum.

680 4303 701 4324 .
758 4248 1011 4326 Poesis
1065 4266 1139 4348 et
1189 4250 1665 4357 symphoniae
1728 4257 2048 4360 partium
2099 4258 2386 4360 ignarus
2437 4257 2690 4334 similis
2741 4274 2851 4334 est
2910 4260 3164 4364 pecori
3215 4255 3443 4335 cauda
3497 4274 3572 4331 et

761 4390 1109 4468 cornibus
1163 4390 1552 4470 destituto:
1619 4418 1788 4470 nam
1841 4399 1970 4471 etsi
2025 4399 2203 4472 vivit
2262 4423 2556 4500 gramen
2609 4425 2760 4474 non
2820 4397 3070 4491 edens,
3142 4396 3267 4473 illa
3324 4412 3570 4473 tamen

756 4554 1115 4631 pecorum
1168 4530 1495 4608 conditio
1548 4537 1689 4638 ipsi
1742 4562 1962 4638 quam
2014 4540 2325 4612 maxime
2377 4540 2743 4613 convenit.
2850 4616 2865 4637 s

681 4719 699 4740 .
763 4663 1054 4759 Quibus
1089 4694 1335 4769 neque
1372 4686 1481 4745 est
1512 4675 1837 4763 scientia,
1878 4698 2016 4747 nec
2049 4674 2334 4775 religio,
2375 4699 2514 4748 nec
2545 4674 2967 4764 liberalitas,
3008 4689 3148 4747 ne'c
3182 4674 3559 4775 sapientia,

758 4826 1002 4901 neque
1053 4801 1343 4877 indoles
1392 4806 1618 4898 bona,
1676 4833 1817 4906 nec·
1861 4811 2115 4899 virtus,
2169 4833 2310 4899 vnec
2356 4811 2648 4882 iustitia:
2704 4808 2785 4880 hi
2818 4811 3009 4880 inter
3040 4807 3398 4897 homines,
3457 4809 3561 4879 vi-

759 4948 875 5005 tae
928 4960 1112 5010 onus
1162 4952 1566 5038 portantes,
1637 4940 1774 5012 sub
1826 4940 2211 5014 hominum
2262 4941 2494 5014 sorma
2546 4940 2772 5015 veluti
2824 4931 3021 5012 serae
3070 4939 3554 5013 ambulantur.
