4126 5595
520 579 727 644 XVIII
1793 580 2300 645 PRAEFATIO.

1183 764 2819 879 &mmmmsswmffi-ffia·

1183 903 2887 1015 ζῐῑπῆητῑῖῆῆαξιῑπιῑῇεῐεηῆιπιι

525 1042 619 1116 In
665 1039 965 1144 singulis
1013 1038 1325 1142 pedibus
1378 1040 1962 1135 conformandis,
2036 1040 2441 1117 dummodo
2506 1050 2824 1145 quatuor
2871 1068 3115 1118 moras
3167 1049 3576 1138 continent,

529 1204 699 1253 cum
748 1181 1053 1251 maxima
1102 1175 1396 1251 licentia
1445 1194 1769 1253 versatos
1823 1203 1977 1254 esse
2027 1177 2361 1256 videmus
2412 1195 2696 1282 poetas,
2753 1178 2892 1255 hac
2923 1178 3086 1282 lege
3118 1195 3367 1256 tamen
3401 1205 3581 1257 con·

526 1316 768 1389 stricta
817 1328 899 1388 ut
949 1311 1390 1388 hemistichii
1438 1316 1659 1416 primi
1709 1330 1952 1425 sextus
2007 1342 2142 1422 pes
2190 1315 2749 1420 Amphibracho
2801 1342 3092 1420 semper
3139 1317 3259 1394 vel
3306 1315 3579 1393 Proce-

527 1451 954 1527 lcusmatico
1006 1450 1265 1526 saltem
1307 1467 1639 1527 constare
1678 1448 1968 1545 debeat,
2030 1456 2158 1554 qui
2192 1455 2268 1527 in
2301 1457 2573 1559 primo,
2635 1457 2897 1558 quinto
2935 1471 3010 1531 ct
3040 1459 3357 1560 septimo
3391 1451 3585 1558 pede

526 1614 907 1690 nunquam
969 1605 1388 1663 occurrunt.
1494 1586 2237 1664 Proceleusmaticum
2300 1614 2343 1661 a
2402 1587 2598 1691 pede
2647 1595 2869 1664 tertio
2918 1596 3302 1695 utriusque
3351 1591 3588 1666 hemi·-

528 1721 771 1796 stichii
823 1725 1127 1799 omnino
1180 1723 1578 1796 abhorrere
1610 1722 1998 1797 Lassenius
2046 1739 2319 1797 censete
2380 1739 2608 1798 exstat
2639 1739 2884 1799 tamen
2916 1725 3074 1799 Niti
3104 1734 3361 1802 vs.31.
3443 1724 3587 1800 Pes

532 1872 774 1932 sextus
828 1854 1150 1960 denique
1201 1861 1280 1932 in
1330 1854 1655 1932 secundo
1708 1857 2173 1932 hemistichio
2224 1884 2370 1932 una
2423 1874 2708 1933 constat
2769 1858 3046 1962 syllaba
3098 1861 3331 1936 brevi.
3445 1858 3581 1933 Di-

528 1991 759 2069 sticha
822 1992 972 2069 hoc
1032 1992 1261 2068 modo
1330 1997 1737 2096 composita
1801 1991 1995 2096 apud
2046 1993 2572 2069 Bhartriharim
2621 1993 2848 2070 habes
2903 2020 3091 2098 quae
3142 2010 3578 2100 sequuntur,

529 2131 606 2205 in
658 2131 928 2233 quibus
979 2133 1321 2206 asterisco
1372 2144 1622 2205 notata
1676 2143 1846 2203 sunt
1898 2153 1982 2202 ea
2037 2155 2226 2230 quac
2260 2133 2439 2205 vitio
2477 2132 2725 2234 aliquo
2758 2132 3124 2227 laborant,
3180 2150 3265 2210 ut
3297 2134 3587 2237 saepius

527 2265 613 2343 fit
660 2269 740 2341 in
788 2269 1117 2344 versibus
1166 2267 1366 2372 Aryfi
1418 2267 1654 2342 metr'o
1708 2269 2166 2370 conscriptis:
2225 2264 2468 2368 Sring.
2510 2274 2638 2341 32.
2679 2269 2841 2343 37*.
2884 2272 3041 2343 41*.
3084 2276 3208 2344 43.
3252 2272 3410 2346 57’.
3456 2274 3580 2344 91.

537 2403 743 2477 1oo*.
848 2401 1008 2477 Nit.
1060 2410 1136 2476 3.
1179 2405 1338 2477 3o*.
1377 2410 1505 2475 31.
1546 2406 1672 2476 35.
1718 2408 1842 2476 51.
1887 2407 2012 2476 84.
2121 2399 2510 2502 supplem.
2574 2405 2726 2476 11*.
2778 2410 2895 2476 13.
2956 2410 3077 2477 1s.
3128 2408 3246 2477 19..
3291 2413 3415 2476 21.
3460 2412 3585 2476 22.

535 2543 660 2615 23.
711 2579 794 2596 -
856 2534 1147 2630 Quodsi
1198 2539 1540 2611 omnibus
1590 2537 1859 2639 regulis
1909 2537 2717 2614 salvis'acatalecticum
2768 2535 2856 2611 fit
2902 2535 3443 2612 hemistichium
3479 2563 3591 2611 se-

534 2669 884 2767 cundum,
943 2672 1162 2776 quale
1215 2690 1324 2747 est
1374 2671 1614 2774 Sring.
1646 2674 1801 2747 27.:

1225 2823 1386 2836 ——-
1434 2816 1649 2845 UWU
1690 2822 1854 2836 ⁸⁸⁵—
1915 2818 2138 2845 -υυ
2188 2818 2360 2845 υυ-
2407 2816 2574 2844 υ-ὐ
2620 2816 2791 2845 ..νυ
2837 2822 2890 2835 ‘-

533 2948 876 3047 Aryc‘e‘gla'
899 2963 1205 3023 vocatur
1253 2963 1595 3037 metrum,
1654 2974 1800 3047 qua
1851 2952 2144 3021 serioris
2196 2952 2352 3022 aevi
2393 2964 2658 3047 poetae
2694 2952 2917 3046 magis
2953 2945 3299 3020 delectari
3333 2945 3587 3022 viden-

534 3095 658 3154 tur
707 3096 783 3154 et
832 3078 926 3154 de
979 3083 1182 3154 cuius
1233 3096 1590 3155 structura
1644 3077 1863 3154 docte
1910 3086 2056 3182 egit
2088 3086 2387 3180 Benaty
2421 3078 2512 3152 ad
2547 3078 2819 3153 Nalod.
2859 3079 3102 3154 Praef.
3142 3107 3339 3182 p.v1.
3375 3106 3538 3181 sqq.

812 3222 889 3287 3.
945 3213 1066 3287 Ad
1118 3231 1347 3288 metra
1403 3219 1804 3317 quantitate
1852 3216 2297 3321 syllabarum
2329 3214 2450 3290 vel
2484 3216 2942 3316 temporibus
2978 3220 3367 3289 constituta
3403 3211 3591 3288 illud

538 3375 837 3455 quoque
888 3355 1209 3454 pertinet
1262 3349 1465 3455 quod
1515 3344 1817 3449 ἓῃ-ὅῇα
1866 3369 2360 3457 nuncupatum
2416 3355 2695 3455 species
2746 3377 2827 3427 re
2863 3377 3033 3429 vera
3068 3350 3428 3456 Aryaigitis
3464 3378 3588 3425 cu-

533 3491 645 3566 ius
703 3506 952 3567 tamen
1011 3490 1339 3566 licentias
1389 3496 1674 3594 respuit
1723 3507 1945 3593 atque
1997 3488 2088 3566 ad
2142 3486 2537 3564 secundam
2587 3504 2989 3564 metrorum
3042 3488 3345 3565 classem
3396 3491 3585 3564 viam

533 3632 870 3705 munivit.
975 3626 1258 3702 Norma
1307 3627 1489 3701 haec
1543 3643 1675 3719 est:

1625 3744 2031 3777 Α

1255 3790 1262 3799 ·
1308 3784 1474 3813 υυ-
1517 3785 1683 3811 υυ-
1723 3785 1886 3812 υ-υ
1925 3792 1974 3803 —
2035 3786 2201 3812 νυ-
2241 3785 2404 3813 -υυ
2443 3786 2613 3810 -υ-
2650 3786 2814 3811 21——

535 3893 764 4001 pedes
828 3899 1052 3971 ternis
1113 3901 1257 3970 iam
1321 3913 1654 3970 constare
1716 3897 1993 3998 ubique
2055 3895 2352 4000 syllabis
2409 3895 2652 3986 vides,
2726 3920 2913 3996 quae
2964 3908 3211 3968 tamen
3273 3910 3593 3996 quatuor

432 4012 440 4019 ’
535 4032 801 4108 mattas
855 4032 1222 4129 efficiunt3
1287 4033 1483 4137 leges
1536 4048 1912 4138 praeterea
1958 4035 2422 4137 praecipiunt
2470 4033 2801 4107 membra
2852 4030 3150 4106 CretIco
3203 4045 3277 4104 et
3326 4029 3586 4104 Iambo

538 4167 807 4266 claudi,
877 4174 1144 4275 quibus
1179 4174 1533 4249 abscissis
1592 4198 1717 4248 sex
1778 4187 2113 4279 tempora
2176 4189 2473 4247 manent
2519 4174 2670 4247 sive
2724 4194 2969 4244 morae
3019 4172 3097 4243 in
3143 4171 3582 4263 minoribus,

541 4324 711 4385 octo
776 4314 856 4385 in
912 4313 1311 4384 maioribus
1367 4313 1739 4385 membris.
1846 4310 2015 4385 Hoc
2065 4312 2203 4385 sibi
2252 4309 2412 4386 vult
2459 4308 2709 4409 regula
2759 4311 2838 4381 in
2887 4306 3187 4382 scholiis
3236 4307 3325 4382 ad
3380 4295 3587 4383 Gna-

542 4444 815 4540 takatp.
860 4469 968 4517 vs.
1003 4450 1068 4515 1.
1130 4443 1482 4547 &3315st
1517 4436 1659 4537 σὲῐ
1687 4444 1826 4537 qi}
1859 4474 2060 4538 W
2115 4449 2251 4541 (sic
2290 4449 2484 4517 enim
2521 4441 2975 4541 legendum),
3037 4467 3257 4541 quam
3291 4442 3583 4542 plenio-

536 4599 696 4649 rem
733 4573 939 4648 dabit
973 4577 1451 4650 Mallemelms
1490 4574 1582 4648 ad
1621 4576 1870 4681 Sisup.·
1921 4582 2039 4671 16,
2083 4586 2150 4653 1.
2193 4576 2368 4652 coll.
2417 4576 2823 4652 Colebmok.
2888 4578 2966 4647 in
3002 4574 3232 4647 Asiat.
3279 4574 3453 4648 Res.
3477 4573 3580 4645 X.

534 4713 814 4811 p.401.
845 4735 1004 4811 seq.
1084 4710 1334 4813 Atque
1384 4710 1528 4786 hoc
1579 4711 1762 4787 illud
1816 4719 2054 4816 ipsum
2092 4730 2405 4789 metrum
2446 4725 2581 4803 est,
2641 4713 2844 4785 cuius
2882 4734 3156 4782 nomen
3197 4709 3586 4782 Lasscnius

532 4869 687 4919 non
749 4848 1028 4921 invenit
1091 4847 1210 4946 (ad
1277 4848 1535 4950 IIitop.
1593 4877 1672 4952 p.
1727 4856 1930 4950 199).
2052 4852 2178 4927 Bis
2250 4865 2530 4926 tantum
2606 4850 2683 4921 in
2761 4844 3132 4921 Bbartrih.
3208 4846 3585 4920 sententiis

533 4997 794 5056 exstat:
859 4979 1102 5083 Sring.
1139 4992 1261 5057 82.
1322 5000 1394 5058 et
1433 4984 1720 5088 Vah-aig.
1756 4992 1881 5063 57.
