4126 5595
558 515 725 604 164
1049 540 1135 601 IN
1190 533 1836 598 BnAR'rRmAms
1897 533 2381 597 CENTURIAS
2440 537 3153 605 COMMENTARIUS.

699 726 926 828 κατεξ.
954 736 1132 814 bona,
1167 755 1312 817 quae
1340 734 1520 796 menti
1548 732 1714 793 infixa
1749 744 1810 794 et
1834 733 1993 815 quasi
2022 732 2207 795 inusta
2235 744 2342 812 est,
2376 733 2460 795 uti
2488 732 2710 797 Arabes
2733 726 2873 835 &b
2896 745 3082 812 utillo
3108 745 3431 815 imprimere
3454 738 3623 801 adlui-

697 856 866 935 Bent,
896 857 973 920 cs.
1003 869 1263 919 ceterum
1290 855 1417 916 Niti
1443 876 1527 916 vs.
1540 866 1594 915 3.
1613 865 1700 915 15.
1727 852 1861 916 rell.
2848 845 2856 855 ’

563 989 656 1041 53.
702 976 1003 1039 Sententia
1042 998 1172 1037 cum
1214 987 1402 1035 vs.18.
1431 972 1737 1035 convenit:
1773 993 2001 1034 amores
2029 992 2154 1033 csse
2182 971 2461 1034 colendos
2487 973 2582 1036 vel
2610 975 2880 1055 pietatem
2908 976 3250 1037 adeundam.
3329 979 3399 1037 In
3427 977 3619 1058 primo

703 1093 1028 1155 iuventutis·
1054 1091 1312 1173 epitheto
1345 1088 1508 1183 ξῑῆ·
1544 1102 1883 1170 proponunt
1911 1087 2060 1150 Cod.
2080 1087 2152 1149 C.
2196 1102 2256 1150 et
2281 1089 2485 1152 Schol.
2521 1087 2757 1156 uffmm
2790 1108 3011 1181 affl
3043 1080 3206 1182 πῖᾗτ
3238 1111 3395 1171 um
3428 1085 3618 1159 Εῆῦῐτε

699 1209 853 1278 ruffi:
888 1226 1046 1303 W
1080 1210 1156 1270 ita
1192 1210 1427 1290 quidem
1467 1209 1526 1268 in
1563 1207 1790 1269 duobus
1827 1206 2125 1268 vocabulis
2151 1207 2433 1268 similibus
2458 1221 2617 1292 grata
2646 1223 2882 1292 apparet
2906 1212 3323 1292 paronomasia,
3360 1232 3531 1292 quam
3558 1211 3622 1271 in

698 1329 815 1393 fine
841 1353 1041 1393 versus
1070 1330 1318 1413 captavit
1354 1341 1556 1411 poeta3
1591 1328 1984 1410 acquievimus
2010 1340 2205 1389 tamen
2233 1327 2292 1387 in
2319 1327 2515 1392 ῑπεπέῐ
2540 1341 2874 1391 ceterorum
2904 1329 3117 1407 codd„
3144 1330 3321 1411 quod,
3358 1352 3488 1391 cum
3514 1351 3619 1392 an-

701 1452 1109 1514 tecedentibus
1147 1450 1546 1527 coniunctum,
1582 1447 1948 1527 titubantem,
1986 1460 2051 1509 ut
2088 1448 2258 1510 nobis
2295 1448 2544 1527 videtur,
2580 1448 2810 1532 puellae
2846 1449 3174 1529 mollitiem,
3210 1451 3410 1512 iisdem
3434 1450 3621 1513 literis

701 1573 1038 1656 quaesitam,
1075 1571 1356 1655 depingit.
1444 1588 1640 1638 W
1676 1578 2006 1631 desiderans
2046 1569 2162 1631 b.l.
2201 1569 2353 1631 idem
2394 1571 2550 1651 quod
2588 1566 2881 1659 ἷέῐδπῖᾖὶ
2897 1579 3113 1640 s‘ocans,
3152 1572 3274 1635 sive
3313 1583 3379 1634 ut
3415 1572 3619 1634 eadem

703 1693 901 1752 radice
929 1692 1103 1751 latina
1131 1691 1529 1772 expressimus,
1565 1697 1882 1751 lasciviens.

571 1807 663 1870 54.
713 1805 1004 1882 Queritur
1043 1808 1116 1867 de
1155 1790 1579 1900 ’γλυκοπῖκρῳ
1619 1806 1678 1865 in
1713 1824 1913 1865 amore
1954 1817 2147 1885 poeta,
2184 1825 2376 1885 neque
2402 1806 2520 1867 ulla
2548 1805 2931 1888 explicatione
2961 1821 3095 1891 eget
3117 1807 3424 1869 sententia.
3502 1806 3622 1866 Le-

707 1923 963 1985 ctionem
989 1925 1058 1983 B.
1085 1912 1287 2015 ειέἶξῆ
1307 1920 1420 1985 aa}
1443 1920 1690 2003 glossam
1719 1940 1862 1994 esse,
1899 1941 2073 1979 nemo
2100 1941 2220 1980 non
2244 1923 2437 1983 sentit.
2523 1981 2527 1986 ,

569 2049 660 2101 55.
704 2039 944 2099 Lemma
970 2040 1349 2120 praeponitur
1376 2057 1592 2097 novum
1622 2022 2021 2125 553²(me
2062 2036 2226 2095 cuius
2265 2058 2486 2113 sensus,
2536 2057 2605 2096 ex
2644 2039 2945 2100 sententiis
2987 2059 3134 2119 quae
3176 2054 3499 2120 sequuntur
3534 2061 3624 2102 sa·

701 2155 777 2218 tis
809 2169 1073 2238 apparet:
1107 2160 1341 2233 difficile
1376 2179 1500 2213 esse
1524 2160 1717 2212 amors·
1734 2159 2016 2212 resistere.
2095 2148 2262 2242 &w
2287 2152 2525 2234 proprie
2552 2162 2795 2223 alanus,
2829 2165 2990 2215 Ιιααᾱ
3012 2181 3225 2217 curans
3255 2171 3342 2219 est
3369 2180 3434 2219 ac
3458 2183 3627 2234 repu-

702 2282 894 2336 dians.
972 2274 1302 2356 Sphalmata
1341 2273 1400 2333 in
1438 2273 1548 2333 Ed.
1576 2270 1672 2333 Sr.
1709 2270 1805 2332 vel
1843 2270 1968 2331 sinc
2008 2269 2296 2331 Codicum
2337 2291 2451 2352 ope
2494 2270 2664 2332 facile
2694 2285 2861 2334 erant
2887 2274 3176 2349 tollenda,
3211 2276 3367 2338 nulla
3395 2290 3631 2338 cetero-

702 2394 845 2473 quin
880 2393 1124 2454 varietas
1160 2403 1419 2472 apparet,
1453 2389 1563 2450 nisi
1604 2389 1763 2469 quod
1802 2389 1872 2448 B.
1909 2405 2068 2482 eger
2100 2396 2315 2447 nimus
2353 2389 2489 2450 loco
2526 2406 2682 2454 ¹311&
2719 2392 3021 2472 proponit.
3096 2390 3292 2479 {fr—“mi
3336 2402 3631 2465 egenitum

700 2512 942 2593 potiore
966 2531 1137 2572 sensu
1165 2508 1506 2591 capiendum
1537 2519 1661 2568 erat
1686 2527 1797 2588 pro
1824 2513 2102 2577 religiosis
2131 2505 2493 2581 bominibus;
2520 2516 2751 2583 lampas
2770 2517 3154 2569 destinceibnis
3181 2512 3303 2571 sive
3321 2511 3633 2593 sapientiae

616 2642 620 2647 ’
706 2641 774 2690 ut
808 2627 871 2689 in
906 2627 1249 2690 Hebraeicis
1287 2636 1488 2719 nnn-Q
1528 2636 1598 2711 ⁸²?
1637 2625 1959 2688 sexcenties
1999 2625 2398 2707 metaphorice
2437 2626 2589 2689 dicta
2632 2639 2746 2702 est;
2795 2628 3038 2691 verbum
3072 2643 3169 2717 a}
3203 2630 3336 2691 ideo
3381 2629 3631 2693 electum

706 2748 866 2832 quod
903 2758 1088 2810 lucere
1123 2747 1293 2811 simul
1333 2759 1395 2810 ct
1422 2766 1718 2824 percutere
1759 2748 1871 2829 (vs.
1889 2745 2006 2823 82.)
2047 2745 2349 2830 significat,
2389 2756 2711 2823 percutitur
2746 2749 2925 2835 igitur
2959 2750 3081 2813 sive
3117 2759 3506 2825 exstinguitur
3543 2750 3629 2813 l'ax

708 2857 915 2937 Εἱῖἂι
939 2878 1186 2931 admotis
1206 2876 1473 2939 nictibus,·
1499 2869 1817 2931 delevimus
1845 2866 1998 2929 enim
2020 2864 2399 2945 Anusvaram,
2420 2869 2528 2931 nisi
2558 2869 2711 2932 sorte
2736 2869 2901 2938 &W
2926 2872 2996 2933 ab
3018 2889 3139 2959 αἱ
3147 2872 3323 2936 mavis
3345 2873 3627 2935 derivare.

707 3005 887 3081 w
920 2989 1140 3051 habent
1178 2989 1370 3050 Codd.
1408 2987 1714 3051 Anusvaro
1754 2987 2127 3070 negligenter
2164 2989 2397 3063 omisso,
2433 3001 2593 3049 recte
2621 3010 2765 3049 vero
2794 2990 2941 3051 Srir.
2982 2993 3177 3081 equi,
3217 2994 3318 3053 sed
3348 2994 3407 3053 in
3436 3006 3626 3054 metro

707 3106 955 3178 haereo,
989 3106 1339 3187 positionem
1379 3106 1533 3164 enim
1579 3105 1716 3166 facit
1750 3121 1810 3167 π
1837 3103 2017 3185 igitur
2042 3103 2457 3182 Amphimacer
2484 3118 2661 3164 exstat
2688 3106 2823 3166 loco
2852 3108 3085 3187 Dactyli
3115 3110 3174 3167 in
3202 3130 3470 3170 mensura
3497 3130 3619 3169 cer·

706 3221 781 3282 tis
803 3222 918 3282 suis
943 3220 1190 3301 pedibus
1218 3220 1470 3279 definita.
1551 3217 1790 3278 Scholia
1817 3218 2046 3291 desunt,
2083 3236 2276 3296 neque
2303 3216 2470 3277 aliam
2501 3239 2707 3279 vocem
2737 3220 2927 3280 liabeo
2955 3221 3433 3283 substituendam.

573 3343 683 3403 56.-
709 3337 1137 3422 Argumentum
1177 3357 1309 3398 cum
1335 3348 1523 3396 vs.51.
1563 3334 1868 3395 convenit:
1904 3333 2247 3416 perstringit
2274 3354 2502 3394 morum
2532 3336 2806 3397 doctores
2834 3358 3085 3416 quorum
3115 3337 3413 3401 facundiae
3443 3340 3634 3401 illudit

705 3477 892 3534 amor,
927 3476 1039 3517 nec
1064 3466 1257 3515 tamen
1308 3453 1417 3535 ipsi
1456 3451 1731 3513 mulieres
1772 3451 2116 3532 relinquunt
2152 3468 2200 3515 τῐ
2234 3468 2286 3543 ᾗ
2332 3451 2468 3515 anfi
2501 3442 2702 3544 Ξῖἆέῆ
2746 3454 2978 3536 supplet
3016 3456 3217 3518 Schol.
3257 3459 3632 3520 Membranae

707 3594 911 3639 omnes
940 3574 1274 3657 conspirant
1301 3573 1362 3633 in
1388 3572 1643 3656 legendo
1672 3568 1902 3635 ἐπΐᾱπὴ
1927 3570 2108 3654 igitur
2131 3566 2265 3634 ἐπι-τ
2290 3570 2445 3632 Edit.
2459 3571 2552 3632 Sr.
2574 3571 2695 3633 sive
2720 3570 2853 3637 tim
2881 3587 2943 3636 ut
2970 3574 3028 3634 in
3059 3575 3172 3637 fine
3200 3578 3417 3660 corrigi
3444 3577 3629 3657 iubet,

644 3736 673 3768 ,ρ
705 3695 933 3757 auditus
962 3715 1227 3756 errorem
1266 3704 1431 3773 puto.
1505 3707 1651 3780 gv(
1675 3690 1900 3750 ironice
1930 3690 2170 3767 dictum,
2207 3689 2411 3751 schol.
2438 3708 2639 3782 &gram
2668 3712 2693 3752 u
2780 3696 2999 3753 Zonam
3028 3693 3310 3777 lapidibus
3339 3696 3630 3778 pretiosis,

711 3812 827 3873 lul.
857 3812 1079 3872 rubinis
1107 3820 1390 3871 exornant
1419 3808 1713 3882 mulieres,
1750 3807 1967 3867 clavam
1995 3807 2331 3888 pracsertim
2359 3828 2426 3867 ac
2454 3809 2694 3883 nodum,
2728 3807 2860 3872 irffi‘.
2899 3844 2979 3857 —

575 3940 668 3996 57.
713 3929 933 3991 Ultima
974 3929 1146 3989 buius
1188 3949 1386 3990 versus
1423 3924 1601 3986 verba
1639 3924 1702 3983 in
1748 3925 1904 3985 Edit.
1944 3937 2178 3986 sonant:
2221 3911 2497 3987 afim&
2537 3924 2655 3989 ῑπῖὲτ
2696 3942 2813 3989 ΜΠ
2842 3943 2998 4016 ετξ-εῖτ
3049 3927 3258 4008 quibus
3300 3931 3633 4012 conspirant

713 4047 989 4125 Codices,
1016 4048 1127 4109 nisi
1155 4046 1315 4129 quod
1341 4060 1565 4136 musa:
1597 4054 1759 4104 recte
1786 4041 2019 4126 legunt3
2052 4055 2304 4104 attamen
2334 4054 2539 4104 contra
2566 4058 2815 4106 metrum
2843 4044 3058 4128 Arydm
3087 4062 3329 4129 peccant
3352 4045 3466 4115 πῆ
3494 4051 3630 4130 mit,

578 4209 585 4221 ι
711 4190 860 4253 quae
886 4153 1167 4231 vocabula
1194 4168 1317 4229 sine
1344 4165 1524 4228 dubio
1553 4162 1821 4241 delenda,
1845 4184 1877 4225 a
1902 4164 2227 4249 glossatore
2256 4164 2435 4226 textui
2465 4164 2699 4227 intrusa.
2756 4165 3037 4229 Ceterum
3063 4168 3316 4254 virgines
3344 4170 3627 4236 coelestes

713 4291 876 4352 Iudri
903 4288 1056 4354 coeli
1084 4289 1306 4351 fructus
1331 4286 1631 4371 appellari,
1668 4284 1848 4347 cuivis
1875 4297 2080 4348 uotum
2108 4298 2195 4348 est
2221 4307 2289 4349 ex
2315 4285 2608 4347 Indralok.
2630 4287 2685 4363 A,
2703 4298 2791 4349 ¹3.

580 4422 674 4475 58.
720 4410 1021 4471 Sententia
1044 4410 1193 4491 apud
1223 4429 1425 4470 omnes
1450 4406 1597 4466 mire
1623 4405 1945 4486 conspirat;
1977 4405 2199 4467 scholia
2227 4426 2371 4467 vero
2400 4405 2821 4467 desiderantur.
2896 4424 3048 4484 {aar
3084 4428 3252 4487 quam
3280 4430 3485 4472 vocem
3516 4418 3626 4471 Ca-

714 4551 880 4604 reyus
921 4526 1008 4607 (in
1045 4528 1187 4587 Lex.
1222 4522 1570 4609 Bengalico)
1608 4521 1871 4603 praebet,
1919 4536 2006 4583 est
2040 4530 2320 4590 coner-nib,
2357 4522 2495 4583 buic
2537 4524 2719 4607 igitur
2755 4524 3133 4585 adstruximus
3164 4523 3287 4616 ff&
3321 4540 3383 4589 ut
3418 4528 3516 4588 sit:
3564 4537 3626 4587 in

715 4662 874 4703 serra
899 4652 1249 4705 conculcare.
1317 4641 1522 4703 Simile
1549 4641 1687 4722 quid
1715 4646 1955 4702 urit-1211.
1983 4665 2040 4723 p.
2055 4654 2145 4709 39.
2176 4641 2415 4725 legitur:
2453 4639 2602 4702 feras
2629 4641 2688 4702 vi
2714 4640 2859 4722 capi,
2895 4642 3174 4704 Amorem
3201 4657 3391 4706 autem
3421 4646 3625 4707 corde.

579 4770 671 4831 59.
714 4760 1030 4823 Disticbon
1071 4762 1131 4821 in
1168 4781 1234 4821 re
1274 4758 1663 4821 Orientalium
1701 4761 1922 4820 erotica
1956 4759 2418 4841 pulcherrimum
2461 4779 2495 4820 e
2534 4758 2909 4820 Bbartribare
2946 4760 3056 4820 sibi
3094 4782 3349 4822 sumsere
3378 4763 3626 4843 llitopa-

716 4877 887 4939 desae
925 4878 1231 4942 Editiones
1268 4876 1783 4960 Sriramapurensis
1821 4890 1880 4939 et
1912 4877 2324 4959 Londineusis,
2368 4876 2645 4941 omittunt
2675 4889 2866 4940 autem
2907 4877 3097 4940 Codd.
3139 4900 3285 4960 quos
3312 4885 3624 4941 Lassenim
