4126 5595
649 596 788 658 XV!
1059 537 1064 541 ·
1921 585 2432 653 PRAEFATIO.

1411 775 2939 891 πεῐῗᾶῐῆσῐῇπεςπηῐὲσῐξωῇι

1411 915 2854 1028 mmmm„

657 1053 1148 1155 Quadraginta
1199 1053 1554 1142 versibus,
1615 1074 1802 1151 quos
1854 1049 2161 1125 dicimus
2212 1051 2785 1144 memorialibus,
2843 1066 3129 1126 constat
3177 1068 3550 1146 tractatus,
3607 1059 3707 1130 ita

655 1206 739 1264 ut
797 1211 1256 1289 unoquoque
1323 1183 1635 1259 disticho
1700 1199 2016 1257 metrum
2082 1182 2494 1284 quoddam,
2562 1189 2766 1259 cuius
2832 1210 3106 1260 nomen
3158 1211 3244 1262 ac
3294 1213 3709 1263 mensuram

656 1324 976 1415 exhibet,
1040 1323 1486 1411 absolvatur,
1554 1321 1964 1420 praeceptis
2019 1317 2458 1417 quibusdam
2520 1316 2614 1394 de
2664 1318 2976 1422 pedibus
3023 1320 3222 1398 hunc
3274 1326 3354 1398 in
3403 1322 3707 1399 modum

655 1461 1090 1563 praemissis:
1469 1558 2085 1668 ww
2131 1554 2371 1663 W

1471 1696 1943 1800 affixam-cr
1989 1692 2399 1798 aru-<mh
2460 1724 2474 1777 ι

1469 1825 1562 1922 ar
1608 1825 2043 1939 τιςεεῐωτιῆτ
2088 1853 2390 1938 mur.

1470 1960 1572 2058 ἐπ
1621 1991 1949 2074 sm:
2014 1959 2279 2059 ἣτῆιὲπ
2327 1989 2792 2072 savam:
2864 1995 2896 2052 ιι

664 2139 830 2215 Ηοο
880 2155 1015 2215 est:
1069 2153 1146 2238 q·
1193 2153 1301 2210 est
1347 2136 1525 2235 sigla
1569 2159 1704 2236 pro
1755 2137 1970 2206 trihus
2008 2135 2232 2230 longis
2288 2133 2652 2231 (Molosso
2702 2140 2935 2237 ---),
2989 2151 3072 2239 ἦ·
3112 2164 3246 2240 pro
3298 2141 3513 2214 tribus
3564 2143 3716 2215 bre-

665 2278 859 2351 vibus
909 2272 1014 2373 (T
1015 2271 1354 2375 ribrachy
1406 2309 1515 2340 υυ
1531 2273 1640 2370 υ),
1693 2286 1769 2372 21
1808 2294 1943 2372 pro
1983 2271 2215 2369 prima
2265 2270 2476 2368 longa
2529 2267 2881 2374 (Dactylo
2912 2309 3023 2339 -υ
3040 2277 3148 2372 υ),
3201 2289 3271 2373 q·
3312 2302 3445 2375 pro
3487 2281 3717 2376 prima

660 2426 978 2508 correpta
1045 2406 1410 2504 (Bacchio
1477 2407 1723 2502 υ--),
1792 2419 1866 2501 ᾗ
1920 2429 2053 2501 pm
2117 2405 2348 2475 media
2408 2405 2760 2503 pmducta
2827 2404 3414 2510 (Amphibrachy
3481 2412 3715 2507 ..ι-υ),

523 2615 532 2623 ,
660 2558 722 2676 ἶ
777 2539 1070 2645 quando
1130 2542 1351 2614 brevis
1395 2539 1668 2637 syllaba
1718 2537 2022 2610 mediam
2072 2537 2312 2610 sedem
2361 2554 2656 2639 occupat
2717 2537 3274 2640 (Amphimacer
3330 2578 3542 2635 -υ-,
3613 2559 3724 2617 est

667 2679 863 2752 enim
893 2702 972 2772 ξπ
1006 2671 1527 2778 compendium
1561 2675 1959 2774 scripturae
1994 2696 2135 2774 pro
2168 2674 2400 2780 W),
2456 2687 2536 2777 q·
2586 2675 2705 2746 ubi
2754 2674 2964 2772 longa
3000 2678 3075 2747 in
3100 2674 3272 2774 fine
3310 2692 3453 2749 stat
3487 2675 3718 2774 (Ana-

666 2830 960 2920 paestus
995 2816 1232 2913 υυ-),
1285 2828 1363 2915 ἦ
1393 2810 1684 2917 quando
1717 2809 1964 2885 ibidem
2005 2813 2227 2884 brevis
2264 2810 2492 2884 Iocum
2532 2809 2742 2884 habet
2776 2810 3331 2908 (Antibacchius
3366 2816 3591 2914 --υ).
3629 2859 3709 2874 -

669 2950 1016 3053 Singulos
1066 2973 1296 3054 porro
1348 2948 1786 3049 regularium
1838 2962 2263 3037 metrorum,
2320 2962 2613 3048 praeter
2651 2944 2853 3019 Sloci
2909 2951 3099 3049 epici
3152 2965 3226 3023 et
3257 2951 3527 3051 Aryae,
3584 2975 3715 3051 pe-

669 3082 798 3156 des
863 3108 1004 3185 per,
1059 3100 1205 3157 tres
1267 3080 1579 3184 syllabas
1631 3078 1942 3180 dispesci
1994 3095 2303 3170 constat,
2364 3104 2670 3179 quarum
2726 3078 3026 3180 quidem
3078 3080 3514 3183 compendia
3567 3086 3719 3159 sive

667 3215 983 3317 singulas
1045 3215 1322 3289 litteras
1382 3216 1575 3286 inter
1623 3235 1700 3286 se
1752 3227 2203 3286 connectunt
2248 3210 2606 3285 Indorum
2656 3215 2969 3304 metrici,
3040 3217 3119 3286 in
3165 3214 3393 3288 Duali
3441 3220 3720 3318 positas

667 3353 729 3426 si
790 3348 983 3426 forte
1046 3352 1438 3442 iterantur,
1498 3371 1719 3450 quam
1768 3371 1927 3421 rem
1974 3348 2302 3419 tironum
2322 3400 2342 3437 ,
2397 3345 2527 3420 tali
2574 3346 3207 3451 breviloquentiae
3259 3374 3412 3425 non
3462 3347 3719 3426 adsue-

666 3506 941 3579 torum,
1000 3489 1077 3563 in
1128 3489 1430 3591 gratiam
1480 3482 1824 3590 exemplo
1876 3479 2182 3560 reddam
2231 3481 2643 3563 clariorem.
2750 3484 3061 3562 Versum
3112 3484 3597 3592 Sapphicum:

1848 3619 2111 3728 ··⁹···!
2125 3662 2539 3691 υυυυυυυ

668 3760 835 3837 Indi
886 3762 1083 3837 hunc
1144 3765 1218 3835 in
1271 3758 1574 3835 modum
1625 3775 1990 3834 secarent:

672 4034 822 4105 sive
874 4029 1072 4132 siglis
1121 4032 1269 4104 suis
1319 4022 1570 4142 fflfffit
1618 4025 2012 4102 redderent
2062 4052 2510 4131 expressum,
2570 4052 2881 4130 quarum
2914 4026 3289 4103 literarum
3336 4041 3415 4127 Π
3460 4028 3719 4108 Dualis

672 4183 849 4241 nota
899 4169 1321 4268 insignitum
1373 4164 1592 4241 docet
1644 4161 1823 4239 duas
1872 4189 2252 4266 superesse
2302 4164 2556 4266 longas
2606 4162 2946 4269 syllabas,
3017 4192 3155 4277 τρῖς
3213 4169 3407 4241 enim
3457 4171 3608 4246 sive
3658 4198 3721 4261 Π

675 4301 967 4402 longam
1017 4302 1394 4405 significat.
1500 4302 1733 4401 Magis
1781 4326 1960 4376 vero
2013 4303 2469 4403 ingeniosum
2522 4315 2632 4373 est
2680 4297 2810 4374 sed
2845 4303 3230 4403 aenigmati
3262 4303 3419 4378 sere
3451 4305 3713 4399 simile,

676 4433 975 4536 quando
1037 4432 1311 4536 pedum
1373 4459 1716 4508 numerus
1776 4435 2143 4510 vocabulo
2197 4430 2547 4536 quodam,
2612 4449 2698 4507 ut
2745 4437 2847 4509 ita
2897 4433 3160 4528 dicam,
3218 4436 3553 4513 technico
3607 4444 3717 4515 in-

676 4565 984 4659 dicatur,
1040 4583 1125 4642 ut
1159 4571 1235 4642 in
1268 4584 1504 4642 metro
1553 4593 1693 4670 e.g.
1732 4569 2278 4643 Maha‘mdlicam
2322 4568 2775 4665 (Maninath.
2816 4568 2907 4643 ad
2944 4568 3355 4674 Sisupzilab.
3406 4576 3714 4672 ¹1,37.),

676 4705 880 4779 euius
933 4702 1118 4780 haee
1166 4719 1276 4780 est
1325 4729 1606 4797 norma,
1661 4729 1799 4807 per
1846 4704 2172 4807 regulam
2222 4729 2367 4778 una
2419 4731 2588 4780 cum
2638 4709 2936 4783 nomine
2989 4733 3362 4812 expressa:

1549 4840 2834 4949 υυυΙυυυΙ-υ-Ι-υ-Ι-υ-Ι-υ-Ι

1433 4970 2954 5090 mmmm.
