4126 5595
520 493 690 583 216
1003 513 1089 574 m
1146 507 1788 572 mmmmmms
1848 506 2335 571 cEN‘rumAs
2396 509 3105 579 COMMENTARmS.

533 1202 618 1249 11.

525 2742 614 2794 12.

664 713 824 799 quod
863 724 1057 774 tamen
1108 709 1168 771 in
1209 707 1478 771 omnibus
1523 703 1870 790 apographis
1903 717 2147 788 prostat.
2236 708 2531 768 Bac-ulum
2574 728 2714 772 cave
2754 731 2831 773 ne
2870 709 2989 772 h.l.
3031 711 3105 772 de
3146 712 3262 776 vita
3303 713 3603 801 intelligas

663 831 970 909 adscetica,
1013 843 1080 892 ut
1118 830 1178 889 in
1217 828 1387 889 solita
1428 826 1622 908 phrasi
1664 834 1934 885 baculum
1970 848 2231 895 sumet-e,-
2279 839 2367 888 est
2409 829 2566 889 enim
2606 841 2674 890 ut
2712 829 3031 892 verborum
3059 844 3365 895 contextus
3390 834 3604 896 docet:

663 951 759 1013 vix
790 969 857 1011 ac
895 969 970 1010 ne
1011 949 1104 1011 vix
1142 947 1378 1028 quidem
1420 944 1631 1006 baculo
1673 964 1737 1006 se
1777 944 2008 1026 erigere
2044 964 2237 1026 posse,
2278 960 2394 1010 mn
2434 933 2645 1025 ςιιὲἧῑ·
2689 947 2804 1023 ητξζ
2842 964 2955 1014 tun·
2983 965 3195 1014 tamnu·
3224 967 3382 1036 erga-r
3412 950 3602 1017 wir

665 1067 870 1129 Schol.

666 1183 905 1247 Scholia
945 1180 1155 1242 desunt
1191 1192 1253 1241 et
1289 1198 1427 1241 sane
1469 1177 1757 1238 sententia
1782 1177 1943 1239 nulla
1970 1177 2197 1241 laborat
2221 1179 2615 1265 ambiguitate.
2694 1180 2873 1262 Spem
2899 1200 2966 1243 ac
2993 1183 3367 1264 cupiditatem
3395 1204 3509 1266 qua
3537 1185 3603 1245 in

664 1323 755 1367 res
810 1312 1118 1365 terrestres
1172 1298 1453 1361 continue
1504 1296 1805 1376 vehimur,
1861 1297 2118 1361 fluminis
2158 1299 2355 1381 specie
2397 1299 2624 1362 inducit
2663 1313 2868 1383 poeta,
2918 1300 3090 1383 eique
3145 1301 3408 1388 adiungit
3466 1302 3601 1387 epi·

660 1424 819 1489 theta
860 1443 1142 1507 perquam
1183 1433 1312 1502 apta
1354 1430 1419 1480 ut
1443 1418 1806 1480 demonstret
1831 1439 2002 1501 quam
2028 1419 2269 1482 difficile
2293 1421 2369 1483 sit
2395 1421 2696 1505 cupidines
2723 1420 2850 1483 illas
2889 1443 3285 1506 compescere.
3364 1427 3600 1484 Gaudia

660 1566 941 1626 tanquam
968 1568 1183 1622 aquam
1209 1550 1426 1603 habens
1464 1541 1534 1603 ad
1564 1538 1835 1626 Gangem
1861 1542 2157 1625 respicere
2183 1542 2437 1623 videtur,
2474 1543 2639 1606 cuins
2665 1564 2809 1626 aqua
2837 1544 3165 1608 honorifica
3190 1543 3461 1624 habetur,
3495 1555 3597 1606 de-

660 1675 929 1730 siderium
956 1684 1101 1729 vero
1127 1664 1344 1723 ssuxum
1372 1673 1459 1723 est
1483 1672 1654 1741 atque
1682 1660 2011 1723 inconstans
2037 1662 2526 1743 quemadmodum
2555 1664 2841 1726 undarum
2865 1665 3171 1748 strepitus;
3196 1682 3317 1747 urz
3340 1666 3414 1727 de
3439 1664 3596 1727 mul-

663 1787 736 1848 tis
772 1794 1080 1866 usurpatur
1115 1779 1387 1841 monstris
1423 1778 1679 1855 marinis,
1713 1777 1830 1839 h.l.
1867 1786 2209 1849 nugatorem
2245 1788 2612 1852 gaugericum
2649 1794 2850 1863 aperte
2888 1784 3196 1866 significat,
3245 1784 3340 1845 cui
3375 1781 3595 1845 similes

661 1904 922 1967 adfectus
958 1899 1259 1962 bominem
1301 1897 1604 1972 devorant,
1640 1895 1750 1956 uisi
1790 1895 2227 1974 discriminatio,
2261 1895 2378 1958 boc
2406 1909 2494 1958 est
2522 1897 2673 1958 clara
2701 1918 2897 1960 rerum
2926 1898 3224 1961 distinctio
3252 1900 3591 1982 supervolat

660 2021 844 2087 veluti
881 2039 1016 2082 aves
1052 2017 1177 2080 visu
1206 2013 1681 2097 perspicaciores.
1757 2012 2026 2075 Firmitas
2053 2014 2307 2096 denique
2336 2014 2608 2076 desiderii
2634 2015 2909 2077 [luctibus
2938 2016 3108 2076 facile
3135 2018 3475 2101 infringitur
3501 2020 3589 2080 uti

656 2140 899 2204 arbores
934 2137 996 2197 in
1034 2134 1289 2196 fluminis
1326 2134 1448 2215 ripa
1489 2143 1818 2193 crescentes
1856 2132 2120 2215 repetitis
2156 2132 2526 2215 abripiuntur
2562 2133 2924 2208 decumanis;
2968 2133 3247 2197 stultitiae
3285 2148 3591 2221 praeterea

658 2258 913 2323 vortices
952 2256 1161 2318 adsunt
1188 2265 1249 2315 et
1274 2251 1565 2334 superbia,
1601 2271 1769 2332 quac,
1804 2251 2231 2333 cogitationum
2258 2251 2564 2314 altitudine
2590 2264 2937 2335 praeruptae
2966 2253 3124 2335 ripae
3150 2254 3371 2332 similis,
3403 2255 3592 2338 impe-

657 2376 742 2436 dit
782 2374 1093 2453 quominus
1134 2373 1434 2451 quisquam
1475 2368 1589 2429 tale
1628 2369 1848 2427 ssumen
1891 2369 2075 2448 possit
2116 2388 2419 2448 permeare
2458 2368 2567 2428 nisi
2608 2369 2655 2429 is
2699 2370 2798 2448 qui
2839 2390 3042 2430 omncs
3079 2391 3279 2431 sensus
3307 2371 3593 2432 devicerit

658 2493 836 2575 Yogi.
915 2489 1180 2549 Similem
1206 2487 1472 2569 figuram,
1505 2484 1609 2546 sed
1636 2484 1695 2545 in
1723 2483 2081 2545 contrarium
2108 2503 2360 2562 sensum,
2396 2483 2575 2545 habes
2607 2489 2804 2560 Ilieop.
2830 2507 2891 2568 p.
2912 2491 3053 2548 126.:
3084 2502 3251 2552 πτειπ
3284 2477 3400 2564 πῇ
3432 2502 3595 2576 am

648 2595 918 2701 3πὲᾗῆ
949 2601 1209 2684 Επῆῖξᾱπ
1241 2596 1486 2672 &aaz-r
1519 2591 1730 2681 ζτῇἧῑῐε
1775 2623 1801 2664 ιι

659 2729 898 2791 Novum
925 2724 1133 2808 incipit
1160 2735 1332 2806 caput
1361 2724 1433 2784 de
1460 2721 1669 2805 opibus
1695 2721 2083 2805 omnibusque
2110 2721 2171 2783 in
2198 2722 2531 2785 universum
2560 2721 2736 2785 rebus
2763 2744 2910 2806 quae
2935 2744 3137 2787 sensus
3174 2722 3456 2803 afficiunt,
3492 2743 3590 2784 re-

660 2846 990 2931 linquendis
1029 2858 1090 2907 et
1125 2866 1329 2928 parum
1362 2842 1744 2905 aestumandis
1767 2864 1965 2927 agcns.
2043 2843 2186 2904 Tria
2214 2856 2407 2906 tamen
2434 2845 2836 2908 desiderantur
2862 2846 3103 2909 disticha
3129 2859 3195 2909 ut
3222 2846 3425 2909 decem
3452 2865 3588 2908 ver-

662 2969 819 3032 sibus
857 2975 1088 3030 constet
1118 2963 1324 3040 sectio,
1359 2962 1515 3042 quod
1556 2961 1707 3022 infra
1743 2961 1804 3021 in
1831 2961 2171 3042 quibusdam
2197 2963 2323 3023 aliis
2350 2984 2585 3044 quoque
2613 2965 2895 3045 capitibus
2921 2965 3368 3028 observandum.
3449 2963 3587 3026 Cir·

661 3082 1158 3165 cumspiciendum
1195 3080 1374 3161 igitur
1410 3090 1533 3139 erat
1569 3078 1753 3157 qualis
1786 3080 2073 3138 sententia
2115 3080 2358 3139 eandem
2386 3101 2511 3140 rem
2538 3092 2786 3141 tractans
2813 3080 2873 3141 in
2908 3081 3063 3143 libro
3087 3082 3239 3158 Niti,
3274 3081 3584 3163 perturba·

656 3204 819 3264 tione
857 3198 1070 3280 insigni
1107 3207 1167 3255 et
1204 3195 1385 3277 longe
1418 3192 1568 3253 ultra
1607 3204 1843 3252 ccntum
1881 3191 2124 3251 disticha
2154 3194 2595 3274 progrediente,
2630 3196 2842 3256 seriem
2868 3195 2966 3256 vel
2993 3197 3392 3278 interumpcre
3419 3198 3586 3259 vide-

654 3331 842 3397 retur,
875 3314 969 3380 vel
1007 3314 1068 3375 in
1098 3310 1339 3375 Cod.A.
1369 3312 1615 3390 deesset,
1649 3322 1822 3392 atque
1849 3309 1950 3372 has
1984 3309 2221 3392 quidem
2250 3311 2328 3374 oh
2358 3333 2578 3375 caussas
2604 3334 2859 3391 versum,
2893 3334 3067 3395 quem
3094 3313 3193 3377 hic
3220 3314 3590 3395 inseruimus,

655 3462 727 3504 ex
764 3438 871 3501 illo
913 3435 1091 3512 libro,
1127 3432 1229 3495 ubi
1272 3432 1532 3494 decimus
1572 3443 1811 3493 octavus
1851 3443 1959 3509 est,
1995 3430 2345 3514 depromere
2385 3454 2507 3495 non
2547 3432 2952 3496 dubitavimus.
3041 3434 3135 3495 Ibi
3180 3436 3335 3497 euim
3375 3456 3587 3498 nexum

654 3559 871 3639 turbat,
905 3557 965 3619 in
995 3556 1146 3619 Cod.
1167 3554 1238 3618 A.
1267 3554 1511 3617 omissus
1539 3565 1625 3615 est
1650 3573 1761 3614 nec
1785 3552 2011 3615 scholia
2042 3552 2268 3633 adsunt,
2303 3554 2597 3638 Rogerius
2624 3566 2837 3632 tamen,
2873 3556 3030 3637 quod
3065 3556 3156 3618 rei
3184 3570 3356 3640 caput
3383 3569 3487 3636 est,
3524 3557 3584 3619 in

655 3686 771 3746 hoc
806 3692 1011 3743 nostro
1052 3677 1189 3740 loco
1231 3697 1461 3738 versum
1500 3673 1674 3757 legit;
1707 3673 1902 3754 itaque
1933 3671 2085 3736 Cod.
2101 3674 2194 3751 B„
2231 3695 2363 3735 cum
2390 3674 2547 3735 Edit.
2576 3674 2671 3736 Sr.
2698 3676 3150 3757 conspirantem,
3185 3699 3295 3756 qua
3322 3678 3394 3740 de
3422 3678 3577 3739 rein

654 3798 1020 3885 praefatione
1046 3794 1393 3857 sententiam
1422 3802 1676 3852 nostram
1711 3791 2082 3870 protulimus,
2116 3810 2236 3850 non
2264 3790 2506 3871 amplius
2532 3811 2847 3852 moramur.
2926 3793 3049 3853 I‘ro
3075 3809 3191 3883 ξζτ
3217 3792 3370 3855 cod.
3384 3794 3455 3855 B.
3484 3816 3585 3856 ex·-

657 3917 825 3978 hibet
854 3906 970 4004 523
994 3913 1153 3993 quod
1178 3913 1249 3972 ad
1276 3911 1432 3969 idcm
1460 3908 1731 3984 recurrit,
1766 3927 1836 3968 ex
1863 3908 2074 3969 eodem
2104 3926 2249 3967 vero
2279 3905 2430 3967 Cod.
2456 3903 2581 3972 ῑτῐῆε
2612 3909 2938 3989 recepimus
2964 3929 3074 3990 pro
3102 3909 3210 3986 ut,
3244 3910 3390 3971 illud
3420 3912 3576 3972 enim

654 4053 888 4097 sensnm
930 4030 1253 4090 faciliorem
1294 4025 1578 4109 praebere
1618 4024 1851 4086 videtur
1887 4025 1949 4084 in
1987 4024 2429 4085 constructione
2467 4024 2887 4105 aliquantulum
2926 4025 3220 4107 impedita,
3256 4026 3420 4089 cuius
3456 4028 3574 4089 vim

658 4151 900 4214 sortasse
927 4169 1048 4209 non
1079 4147 1356 4229 cepimus,
1381 4144 1442 4204 in
1470 4143 1933 4227 interrogatione
1958 4142 2124 4203 illum
2152 4141 2332 4204 latere
2357 4163 2587 4204 sensum
2609 4156 2874 4224 putantes
2900 4164 3073 4225 quem
3094 4164 3293 4205 versus
3312 4145 3576 4226 proxime

656 4290 905 4353 sequeus
942 4266 1231 4352 adiungit:
1266 4285 1360 4326 res
1396 4263 1678 4326 secundas
1716 4283 1841 4326 eam
1876 4262 2106 4326 scilicet
2141 4261 2221 4324 ob
2261 4283 2511 4324 caussam
2551 4263 2706 4325 datas
2745 4283 2869 4326 esse
2910 4274 2976 4325 ut
3012 4263 3194 4326 homo
3231 4284 3325 4326 eas
3363 4278 3575 4347 sponte

659 4389 907 4451 abiiciat.

531 4521 619 4573 13.
662 4507 842 4569 Nulla
874 4502 1359 4586 interpretatione
1398 4513 1535 4585 egct
1571 4521 1791 4579 versus,
1826 4500 2143 4562 dummodo
2180 4510 2399 4577 teneas,
2444 4500 2733 4580 posterius
2769 4498 3196 4562 hemistichium
3231 4519 3576 4583 responsum

664 4626 831 4688 dare:
865 4622 1173 4685 discrimen
1201 4620 1346 4682 illud
1375 4620 1656 4702 imprimis
1685 4641 1807 4682 esse
1837 4618 1992 4697 rell.,
2027 4618 2343 4684 Scholntfit
2364 4607 2554 4683 ἷέᾖῑῇ
2578 4610 2863 4698 δῦῆππίξ·
2892 4639 2917 4681 ι
2974 4620 3046 4681 In
3074 4618 3339 4682 membro
3366 4633 3577 4701 quarto

666 4719 818 4805 Cod.
835 4741 912 4803 A.
949 4726 1187 4804 ἓωπῐῇᾗ
1222 4741 1520 4822 proponit,
1552 4741 1623 4801 B.
1655 4755 1798 4805 W
1831 4726 1964 4823 ᾗῇ,
1999 4751 2249 4800 attamen
2284 4736 2569 4821 particula
2601 4754 2651 4829 fl
2677 4737 2896 4821 optime
2921 4739 3251 4802 adhibetur.
3328 4741 3453 4802 Pro
3476 4739 3577 4832 εὴ

660 4860 990 4943 scripsimus
1028 4856 1243 4951 mugit,
1279 4859 1337 4920 in
1375 4859 1612 4922 scholiis
1654 4858 1804 4941 typis
1842 4858 2132 4940 impressis
2171 4857 2484 4943 legendum
2528 4870 2616 4919 est
2646 4874 2697 4924 π
2728 4856 2916 4950 ζ’πῦξπ
2949 4854 3063 4923 uf?
3099 4858 3239 4920 loco
3275 4874 3411 4924 W
3442 4854 3577 4937 iffi,
