4126 5595
519 518 686 610 106
1410 535 2054 601 nnAnTmnAms
2113 539 2676 605 snm-Enna.

519 730 647 806 70.
708 721 1205 832 Cupiditatem
1257 727 1597 829 exstirpa,
1665 722 1830 800 cole
1877 727 2336 829 patientiam,
2408 727 2748 831 relinque
2803 728 3096 826 fastum,
3167 731 3259 807 ad
3310 758 3567 837 pecca-

554 905 640 941 ·.-=
675 880 891 941 *tunm
924 889 1080 938 non
1129 861 1436 955 inclina,
1503 887 1758 939 verum
1810 861 2161 966 loquere,
2230 889 2540 968 sequere
2591 870 2878 942 virtutis
2926 871 3159 963 viam,
3226 895 3573 948 venerare

703 1003 1091 1106 sapientes,
1149 1001 1483 1073 inimicos
1534 997 1824 1074 honore
1877 998 2140 1103 dignos
2189 999 2507 1096 honora,
2563 1001 2687 1079 vel
2733 1029 3216 1107 prosequere,
3288 1007 3572 1083 occulta

645 1132 657 1144 ’
701 1154 862 1215 tuas
896 1141 1225 1229 virtutes,
1269 1135 1536 1212 famam
1575 1161 1954 1231 conserva,
1999 1137 2252 1214 afflicti
2292 1142 2663 1216 miserere:
2724 1138 2908 1215 haec
2940 1142 3225 1245 probos
3277 1139 3566 1220 decent.

521 1277 645 1356 71.
698 1275 829 1371 Ii,.
873 1279 1007 1381 qui
1063 1291 1429 1369 mentem,
1497 1300 1914 1351 sermonem
1973 1303 2060 1352 ac
2122 1304 2392 1382 corpus
2451 1304 2644 1382 puro
2707 1296 3000 1356 nectare
3050 1280 3568 1385 impleverunt,

705 1418 836 1521 qui
865 1410 1340 1490 .trimundum
1383 1411 1913 1489 beneficiorum
1968 1419 2185 1519 copia
2238 1415 2758 1513 exhilararunt,
2817 1421 2948 1521 qui
2987 1416 3390 1495 alienarum
3425 1422 3567 1496 vir-

704 1569 948 1632 tutum
994 1567 1339 1664 ⁸atomum
1399 1555 1477 1629 in
1539 1566 1869 1627 montem
1929 1578 2220 1656 semper
2277 1570 2752 1651 convertunt,
2833 1558 3019 1636 tales
3078 1559 3438 1664 praeclari
3498 1562 3573 1634 in

540 1726 606 1762 Δυ
703 1692 1032 1794 proprio
1067 1693 1313 1764 animo
1365 1685 1708 1790 gaudium
1757 1692 2211 1790 concipiunt.

1735 1982 1827 2032 »Β
1877 1983 2355 2033 consum-13.

444 2109 451 2116 '
520 2096 645 2175 72.
701 2092 1412 2197 Gemmisvpretiosis
1448 2117 1605 2167 non
1645 2096 2170 2194 acquieverunt
2205 2092 2381 2188 Dei,
2437 2119 2684 2198 neque
2732 2121 2821 2172 ex
2858 2122 3146 2174 veneno
3181 2098 3569 2175 tremendo

609 2226 615 2230 ’
695 2247 980 2335 ‚mentm
1037 2219 1574 2334 conceperunt,
1655 2227 1784 2303 sed
1844 2255 2000 2304 non
2058 2232 2201 2304 nisi
2263 2246 2517 2304 nectar
2578 2229 2828 2336 adepti
2907 2259 3093 2338 opus
3166 2239 3567 2312 intermise-

703 2383 900 2441 runt:
959 2365 1188 2440 fortes
1241 2390 1330 2439 ex
1384 2364 1596 2439 finito
1651 2390 1878 2466 opere
1932 2364 2226 2440 demum
2282 2370 2694 2466 quiescunt.

518 2501 668 2580 73.·
699 2500 1090 2605 Inceptum
1135 2498 1330 2574 haud
1368 2499 1709 2603 profecto
1751 2499 1836 2574 fit
1877 2503 1976 2574 ob
2014 2498 2464 2577 difficultatis
2504 2518 2783 2577 metum
2814 2527 2867 2575 a
2907 2504 3162 2606 pigri83
3215 2505 3571 2606 incipien-

627 2672 660 2711 ι,
700 2645 814 2716 tea
854 2636 1404 2714 difficultatibus
1445 2640 1775 2742 oppressi
1819 2639 2207 2741 quiescunt
2245 2636 2496 2733 medii3
2559 2637 3109 2714 difficultatibus
3147 2638 3270 2716 vel
3304 2642 3572 2715 iterum

549 2810 593 2850 -·
685 2778 1115 2883 'iterumque
1168 2779 1461 2853 contriti
1511 2778 1887 2881 inceptum
1935 2774 2296 2882 praeclari
2344 2774 2681 2853 homines
2732 2804 2888 2854 non
2939 2775 3311 2856 deserunt.

524 2915 650 2991 74.
701 2912 1002 3018 Pigritia
1050 2917 1308 3018 utique
1360 2912 1784 2989 hominibus
1834 2941 2162 3017 magnust,
2231 2918 2531 3017 corpori
2581 2914 2869 3009 infixus,
2929 2931 3040 2991 est
3084 2914 3344 3011 hosti83
3411 2941 3567 2991 non

597 3094 627 3119 ιΔ
680 3066 817 3125 eat
863 3050 1102 3124 labori
1152 3050 1406 3123 similis
1455 3053 1756 3139 amicuS,
1813 3075 1984 3123 nam
2038 3052 2179 3150 qui·
2218 3052 2388 3148 agit,
2446 3073 2602 3123 non
2655 3053 2898 3151 perit.-

520 3184 644 3259 75.
701 3183 857 3258 Viri
891 3187 1136 3257 animo
1172 3187 1597 3275 constantia,
1655 3182 1864 3257 malis
1898 3186 2187 3257 tametsi
2221 3183 2497 3274 obruti,
2536 3209 2694 3256 non
2725 3199 2975 3284 potest
3008 3187 3364 3284 exstingui
3397 3209 3563 3286 per-

676 3324 1128 3396 severantia:
1171 3317 1515 3395 deorsum
1546 3344 1943 3395 conversae
1977 3317 2155 3392 facis
2188 3317 2477 3392 flamma
2509 3342 2887 3420 nunquam
2923 3315 3270 3392 deorsum
3299 3315 3564 3392 tendit.

523 3458 645 3534 76.
697 3456 838 3535 Ille
887 3461 1026 3551 vir,
1085 3461 1206 3533 cui
1238 3457 1629 3532 mulierum
1671 3455 2059 3532 oculorum
2094 3455 2238 3530 tela
2274 3481 2428 3530 non
2459 3454 2895 3557 transfigunt
2928 3471 3277 3549 mentem,
3326 3480 3568 3558 neque

549 3632 577 3663 ·-
607 3630 666 3662 ,‚.
702 3594 1030 3672 incendit
1081 3599 1229 3671 irae
1284 3593 1601 3670 ardentis
1644 3593 1962 3687 flamma,
2030 3619 2251 3699 quem
2313 3596 2735 3669 innumerae
2795 3596 3310 3697 perceptiones
3362 3596 3565 3696 cupi-

703 3729 894 3806 dinis
942 3732 1224 3833 laqueis
1273 3728 1805 3821 non-trahunt,
1869 3728 2036 3803 talis
2086 3733 2504 3805 universum
2568 3730 2766 3802 hunc
2815 3744 3057 3803 totum
3116 3725 3565 3802 trimundum

703 3863 1044 3943 devincit.

521 4004 646 4082 77.
681 3985 968 4081 ιΜεΙίιιε
1004 4007 1402 4107 utique-ex
1446 4001 1589 4078 alta
1638 4000 1983 4105 praeduri
2035 4005 2303 4076 montis
2354 4026 2539 4104 rupe
2590 4003 2669 4075 in
2719 3999 2987 4078 vallem
3039 3998 3248 4076 cadat
3298 4025 3564 4104 corpus

701 4140 941 4236 illud,·
989 4144 1182 4217 inter
1242 4156 1634 4246 praerupta
1694 4166 1862 4216 saxa
1914 4139 2203 4234 elisum3
2258 4166 2514 4214 manus
2561 4143 2811 4244 potius
2859 4141 3274 4242 porrigatur
3319 4140 3559 4241 magni

704 4283 1085 4384 ‘serpentis
1124 4284 1237 4356 ori
1288 4284 1549 4356 acriter
1595 4283 1978 4384 pungenti3
2034 4278 2296 4353 melius
2346 4282 2425 4353 in
2476 4281 2715 4379 ignem
2766 4275 2978 4352 cadat
3028 4275 3290 4377 aliquis
3343 4302 3560 4379 quam

704 4424 821 4490 u‘t
834 4419 1059 4491 virtus
1110 4419 1443 4490 intereat.

527 4550 653 4625 78.
703 4544 904 4650 Ignis
963 4548 1077 4623 illi
1137 4554 1226 4624 in
1278 4577 1540 4652 aquam
1585 4552 2072 4640 convertitur,
2130 4572 2445 4622 oceanus
2496 4549 2737 4619 atatim
2789 4549 2868 4617 in
2916 4544 3256 4636 rivulum,
3312 4545 3562 4618 Merus

561 4718 570 4746 ι
657 4700 950 4757 nmon'a·
976 4684 1090 4757 in
1116 4687 1480 4785 exiguum
1502 4683 1912 4775 calculum,
1981 4682 2104 4756 leo
2170 4679 2424 4754 itidem
2465 4682 2567 4753 in
2626 4676 3044 4770 dorcadem,
3123 4703 3421 4781 serpens
3483 4682 3560 4751 in

565 4874 575 4883 .
693 4822 880 4892 certi
930 4823 1273 4922 speciem,
1343 4843 1707 4895 venenum
1758 4821 1834 4893 in
1885 4820 2195 4893 nectaris
2244 4816 2593 4920 pluviam,
2649 4818 2727 4889 in
2779 4817 2979 4889 cuius
3030 4837 3346 4965 corpore
3401 4836 3558 4884 om-

696 4955 843 5027 nia
834 4951 1122 5028 numdi
1170 4957 1538 5056 principes
1589 4979 1938 5055 superans
1988 4958 2218 5029 enitet
2263 4957 2516 5030 virtus.
2591 4998 2597 5005 -
