4126 5595
1654 564 2093 631 CENTumA
2146 562 2433 628 mum.
2774 563 2783 587 ¹
2977 536 2982 543 ’
3055 508 3091 662 ι’
3179 579 3184 589 ·
3453 533 3566 625 93
3669 613 3677 622 .

505 755 629 830 70.
686 755 818 830 Nil
883 751 1084 829 aliud
1150 756 1228 826 in
1297 752 1530 827 hocce
1596 750 1876 825 mundo
1943 751 2270 823 inutilius
2340 763 2415 822 et
2486 745 2686 848 quod
2723 749 3135 850 =propriam
3209 746 3558 821 familiam

501 1569 627 1646 71.

495 2666 618 2743 72.

489 3351 613 3424 73.

482 3619 606 3692 74.

484 4022 606 4095 75.

479 4430 605 4507 76.

688 892 917 991 magis
980 884 1331 981 incendit,
1405 903 1516 962 est
1567 913 1786 989 quam
1839 889 2201 960 iuventus:
2276 899 2386 960 est
2435 881 2847 986 cupiditatis
2896 884 3200 957 unicum
3250 878 3555 956 domici-

688 1009 927 1121 lium,
963 1041 1073 1101 est
1121 1052 1333 1100 causa
1381 1040 1696 1130 propter
1730 1051 1952 1127 quam
1983 1026 2062 1099 in
2099 1039 2393 1098 centum
2441 1020 2744 1095 infernis
2795 1020 3123 1123 ingentes
3173 1021 3556 1095 inveniun-

686 1181 809 1239 tur
873 1166 1270 1256 cruciatus;
1339 1187 1591 1238 semen
1642 1179 1752 1237 est
1810 1159 1903 1235 ad
1950 1161 2326 1235 stultitiam
2376 1154 2935 1263 procreandam,
3002 1157 3238 1231 nubes
3290 1180 3551 1247 crassa,

690 1326 879 1401 quae
925 1300 1339 1374 intellectus
1387 1299 1638 1372 lunam
1684 1300 1891 1398 tegit;
1952 1312 2059 1370 est
2108 1293 2493 1397 Cupidinis
2538 1296 2809 1368 amicus
2855 1289 3389 1383 dilectissimus,
3448 1303 3560 1365 est

681 1437 925 1527 variis,
984 1459 1172 1535 quae
1224 1438 1394 1508 satis
1446 1447 1826 1536 apparent,
1886 1434 2203 1536 peccatis
2256 1432 2669 1503 coniuncta.
2769 1427 2773 1431 ’
2986 1426 2993 1434 ’
3087 1438 3091 1443 ’
3292 1427 3302 1439 “
3502 1535 3507 1539 ι

682 1570 952 1645 Beatus
1002 1569 1155 1664 ille,
1218 1573 1346 1674 qui
1396 1572 1852 1645 iuventutem
1902 1582 2184 1661 nactus,
2244 1565 2524 1641 formae
2584 1566 3067 1640 mutationem
3116 1590 3270 1641 non
3320 1565 3543 1642 subit:

683 1711 1021 1787 iuventus
1073 1711 1270 1783 enim
1319 1707 1552 1782 nubes
1606 1721 1716 1782 est
1765 1709 2033 1781 amoris
2085 1706 2428 1780 arborem
2467 1705 2797 1808 irrigans3
2850 1702 3127 1793 flumen
3164 1701 3380 1781 dulce
3413 1729 3551 1780 no-

679 1846 1193 1922 bilissimarum
1241 1844 1736 1949 voluptatum3
1794 1842 2103 1920 dilectus
2153 1844 2449 1918 Amoris
2500 1868 2833 1936 consors3
2891 1868 3205 1919 oceanus
3259 1869 3348 1919 ex
3401 1868 3553 1947 quo

675 1986 961 2059 virtutis
1025 1985 1449 2084 margaritae
1503 1998 1910 2082 emergunt;
1980 2005 2268 2072 norma,
2338 1976 2430 2052 ad
2484 2003 2705 2079 quam
2753 2003 3045 2080 semper
3092 2003 3252 2054 sese
3305 1976 3552 2079 dirigit

677 2116 942 2221 perdix
1005 2116 1204 2191 oculi
1255 2116 1623 2190 formosae
1672 2118 1996 2217 virginis3
2051 2114 2261 2191 brevi
2309 2111 2690 2188 thesaurus
2739 2104 2944 2186 Deae
2993 2110 3380 2189 Lakshmis
3431 2127 3544 2188 est
3584 2138 3591 2146 ·

680 2253 1104 2331 felicitatem
1152 2253 1600 2357 praebentis.
1640 2247 1652 2260 ’

1542 2559 1991 2610 vrrm’nmmu
2038 2560 2494 2613 wentanum.

680 2665 750 2743 Ο
803 2668 1066 2743 amata!
1120 2693 1166 2742 o
1202 2668 1588 2743 lotiocula!
1641 2695 1687 2744 o
1723 2674 1997 2772 magnis
2036 2673 2329 2745 natibus
2364 2671 2691 2745 onerata!
2751 2696 2797 2744 o
2833 2643 3280 2746 tumentibus
3314 2695 3538 2745 mam·

674 2807 812 2877 mis
862 2803 1260 2905 praeclara!
1322 2830 1368 2879 o
1423 2806 1640 2880 facies
1691 2805 1921 2882 veluti
1969 2806 2430 2880 nelumbium
2477 2805 2811 2909 pulchra!
2872 2832 2919 2880 o
2972 2804 3376 2910 superciliis
3416 2830 3542 2882 ve-

672 2940 911 3014 nusta!
967 2942 1071 3015 sic
1120 2942 1387 3016 iterum
1437 2943 1849 3045 iterumque
1903 2940 2260 3018 exclamat
2307 2956 2616 3036 amator,
2671 2940 2926 3021 videns
2976 2941 3357 3018 mulierem
3412 2943 3547 3019 etsi

670 3094 923 3182 aperte
974 3082 1348 3184 impuram*
1388 3083 1737 3184 cognovit
1793 3079 2146 3189 puellam:
2269 3080 2573 3176 Insanit,
2643 3080 2934 3185 gaudet,
3008 3080 3407 3158 exsultatur
3468 3097 3543 3157 et

674 3215 950 3292 laudat:
1008 3244 1191 3294 vana
1246 3217 1436 3292 eheu
1488 3214 1897 3292 dementiae
1952 3218 2207 3320 opera!

669 3349 943 3425 Audita
1005 3355 1246 3453 ignem
1308 3350 1664 3443 accendit,
1736 3356 1886 3427 visa
1951 3354 2379 3427 ebrietatem
2440 3368 2681 3455 auget,
2748 3368 2939 3427 tacta
3004 3349 3094 3427 ad
3147 3355 3536 3427 amentiam

671 3482 900 3559 ducit:
958 3483 1340 3586 quomodo
1394 3511 1667 3586 quaeso
1720 3489 2129 3560 misericors
2183 3484 2326 3558 dici
2374 3485 2659 3588 potest?

666 3615 986 3691 Tamdiu
1046 3622 1323 3692 nectari
1383 3609 1637 3692 similis
1705 3635 1818 3693 est
1877 3619 2007 3692 illa
2075 3617 2428 3721 quamdiu
2489 3622 2569 3693 in
2621 3619 3011 3694 oculorum
3062 3634 3538 3723 conspectum

664 3755 902 3844 venit,
972 3767 1293 3827 attamen
1353 3779 1443 3827 ex
1507 3752 1897 3829 oculorum
1953 3757 2257 3856 regione
2317 3770 2640 3846 remota,
2709 3743 2832 3830 rel
2881 3756 3123 3857 ipsum
3163 3730 3570 3832 'venenum'

669 3902 988 3988 superat.

663 4019 931 4122 Neque
994 4035 1279 4110 nectar,
1321 4007 1590 4123 'neque
1652 4047 2018 4098 venenum
2081 4021 2319 4096 ullum
2372 4037 2616 4097 manet
2664 4049 2886 4097 unam
2936 4025 2997 4095 si
3049 4022 3533 4097 nominaveris

660 4152 991 4256 pulchris
1045 4157 1245 4227 coxis
1295 4153 1732 4256 praeditam,
1790 4155 1917 4229 illa
1971 4159 2166 4230 enim
2220 4153 2516 4258 quando
2570 4173 2788 4251 amat,
2845 4156 3167 4231 mellitus
3201 4154 3531 4230 surculus

665 4303 804 4384 est3
862 4286 1159 4394 quando
1214 4292 1393 4366 irata
1445 4307 1581 4385 est,
1638 4317 2006 4371 venenosa
2054 4291 2334 4397 planta.

660 4427 944 4505 Vortex
996 4426 1428 4526 dubiorum,
1499 4428 1999 4537 impudicitiae
2049 4429 2582 4527 habitaculum,
2639 4433 2814 4508 urbs
2865 4458 3311 4538 poenarum,
3381 4456 3532 4505 ma·

660 4567 908 4644 lorum
972 4566 1543 4673 depositorium,
1612 4570 1808 4647 fraus
1873 4571 2300 4675 centuplex,
2360 4598 2529 4674 ager
2575 4574 2959 4665 vitiorum,
3033 4569 3223 4646 coeli
3275 4584 3535 4673 portae

666 4705 1165 4800 obstaculum,
1237 4707 1507 4782 inferni
1567 4709 2038 4801 suburbium,
2099 4711 2334 4783 omnis
2387 4708 2713 4783 fallaciae
2767 4712 3159 4782 canistrum
3212 4722 3319 4781 est
3371 4734 3527 4779 mu-

661 4839 923 4913 lierum
985 4838 1230 4931 dolus,
1297 4866 1438 4941 per
1503 4868 1765 4943 quem,
1848 4869 2215 4920 venenum
2278 4846 2587 4918 nectaris
2647 4845 2726 4915 in
2788 4843 3106 4943 speciem
3161 4856 3477 4914 creatum
3502 4892 3522 4928 ,

668 4972 1093 5048 mortalibus
1145 4977 1398 5075 ingens
1452 4978 1692 5051 existit
1742 4974 2131 5052 dementia.
