4126 5595
535 2348 622 2399 80.

527 3183 615 3232 81.

525 3657 612 3708 82.

525 4728 614 4778 83.

1685 587 1938 648 mmm
1996 586 2473 647 SECUNDUS.
3437 565 3608 656 205

677 812 783 847 rea:
816 810 940 847 sese
975 794 1038 844 in
1055 793 1281 860 publico
1307 792 1563 859 conspici
1587 791 1832 858 patitur,
1868 791 2161 843 thuribula
2185 799 2466 854 argentea
2488 789 2747 841 ms’mssstrs‘
2764 786 2994 860 serunt,
3029 800 3319 863 totumque
3344 792 3468 856 iter,
3494 809 3604 863 per

677 915 830 982 quod
852 911 1013 984 serrs'
1046 913 1369 974 destinavit,
1403 911 1664 964 odoribus
1703 912 2004 980 complent.
2082 908 2281 962 Aurea
2308 909 2509 963 lectica
2532 909 2870 976 margaritis
2899 910 3485 981 circumpendentibus
3511 917 3612 967 re·'

677 1036 869 1089 cubae.
946 1025 1328 1088 Artaxerxem
1367 1026 1718 1110 Timagorae
1761 1019 2005 1123 φορεῖον
2044 1024 2160 1087 tale
2188 1025 2346 1087 dono
2375 1025 2620 1104 dedisse,
2655 1023 3003 1087 Plutarchus
3030 1025 3244 1101 refert;
3278 1025 3396 1090 boe
3423 1027 3602 1090 modo

676 1168 748 1210 ex
774 1146 1140 1229 Cappadocia
1168 1159 1228 1208 et
1251 1145 1525 1229 Bithynia
1550 1145 1804 1207 luxuries
1832 1145 1930 1205 illa
1954 1144 2025 1205 ad
2050 1143 2313 1206 Graecos
2341 1157 2400 1206 et
2425 1159 2692 1227 tempore
2715 1143 3122 1206 Gracchorum
3143 1146 3397 1226 (Gellius
3416 1148 3605 1226 10,3.)

670 1267 742 1327 ad
780 1265 1080 1327 Romanos
1119 1287 1354 1346 quoque
1393 1266 1578 1325 delata
1627 1277 1732 1342 est,
1770 1264 1978 1344 quibus
2005 1276 2191 1324 arcata
2220 1285 2455 1344 quoque
2483 1276 2543 1325 et
2572 1273 2776 1324 clausa
2800 1269 3002 1323 lectica
3013 1266 3303 1340 fenestra,
3338 1265 3510 1346 plane
3537 1275 3605 1324 nt

675 1382 836 1444 ιιιαῑ.
875 1395 1001 1444 erat
1039 1383 1099 1443 in
1137 1405 1244 1444 usu
1281 1382 1425 1462 (vid.
1454 1387 1722 1459 δάκῃ..
1748 1383 1820 1442 de
1847 1401 1913 1442 re
1942 1380 2368 1442 vehicularia
2397 1365 2742 1462 p.ss.).‘-
2790 1380 3231 1444 nominativum
3256 1381 3603 1444 retinuimus

675 1516 856 1578 πιπτει,
885 1498 1129 1562 Cod.A.
1156 1500 1520 1577 Locativum,
1556 1501 1626 1560 B.
1654 1498 2065 1562 Accusativum
2094 1500 2355 1582 praebet.
2409 1501 2542 1561 Vox
2563 1515 2699 1569 W
2721 1508 2880 1559 olera
2905 1519 3028 1560 non
3056 1500 3233 1562 modo
3261 1500 3364 1562 sed
3389 1499 3602 1562 herbas

677 1620 851 1682 etiam
892 1619 1128 1683 viliores
1164 1620 1596 1704 complectitur,
1631 1641 1779 1702 quae
1814 1616 1978 1689 {suffit
2004 1631 2063 1681 et
2086 1613 2249 1699 ῦῖῐζὲτ
2286 1642 2490 1696 oryzae
2512 1626 2830 1692 generibus,
2868 1631 3138 1701 tanquam
3163 1618 3310 1683 cibis
3335 1616 3601 1682 lautiori-

672 1741 780 1803 bus
822 1754 1230 1823 opponuntur;
1266 1741 1325 1802 in
1352 1745 1421 1802 B.
1447 1737 1822 1833 ῆῐτπέῐξῐῆε
1855 1751 2054 1818 exstat,
2090 1747 2246 1798 cibus
2272 1745 2567 1800 ᾱεὶἰεαιὼι·
2592 1738 2654 1801 in
2680 1738 3037 1818 universum,
3070 1739 3368 1821 speciatim
3393 1764 3601 1801 carnes

667 1859 878 1940 quibus
900 1882 1020 1921 non
1048 1860 1290 1922 omnino
1311 1858 1605 1921 abstinere
1621 1859 1801 1920 Indos
1824 1858 2092 1940 pluribus
2115 1857 2623 1938 comprobavimus
2646 1857 3003 1942 argumentis
3029 1859 3233 1939 (India
3251 1859 3331 1919 11.
3351 1880 3411 1941 p.
3428 1858 3601 1936 160.).

663 1995 814 2044 ᾶῖἓὶΠ
829 2003 1090 2053 pannus,
1124 1959 1458 2074 ῥήγματα,
1484 1985 1682 2065 0⁵27?
1709 1977 2040 2057 oppositum
2071 1988 2157 2037 est
2178 1982 2332 2034 vesti
2348 1984 2673 2050 splendenti
2690 1973 2949 2064 ἣδῑήῦῖ·
2969 1975 3092 2037 sive
3120 1988 3187 2037 ut
3211 1975 3364 2038 Cod·
3380 1973 3455 2037 A.
3479 1996 3601 2036 ma·

668 2095 799 2156 vult
835 2091 1078 2184 &alus
1120 2101 1472 2165 variegatae.
1547 2094 1713 2153 Idem
1755 2113 1900 2154 vero
1942 2093 2002 2153 in
2043 2093 2160 2154 fine
2200 2113 2399 2155 versus
2440 2103 2647 2155 contra
2685 2103 2935 2154 metrum
2964 2087 3601 2174 transponitanmuffi

666 2213 771 2307 31&
803 2232 852 2281 π
881 2230 938 2280 ’Ξῖ
955 2208 1110 2310 35²&-
1189 2212 1426 2276 Scholia
1455 2234 1575 2276 non
1601 2215 1827 2275 adsunt.
3593 2309 3596 2313 .

671 2335 944 2421 Singulas
973 2347 1273 2398 enumerat
1299 2347 1471 2419 poeta
1498 2335 1761 2415 virtutes,
1799 2357 1945 2418 quae
1974 2356 2448 2420 unumquemque
2477 2336 2688 2400 decent
2713 2336 2924 2420 quibus
2952 2337 3216 2422 superius
3243 2349 3433 2400 tamen
3458 2326 3594 2407 ffle't

669 2455 754 2550 ’ἐξὲξ
784 2444 1070 2548 εῐὲῐὲπῐζᾱῐ
1105 2469 1218 2532 est;
1253 2456 1453 2519 ultima
1480 2458 1597 2520 duo
1626 2457 1908 2520 vocabula
1937 2458 2263 2541 recepimus
2293 2479 2326 2520 e
2355 2457 2598 2521 Cod.A.
2627 2472 2687 2521 et
2711 2461 2780 2521 B.
2806 2482 2917 2543 pro
2945 2460 3181 2546 vulgato
3205 2446 3597 2526 Εᾶᾟῐῧὶἣπῆ

667 2578 771 2638 sed
804 2577 1006 2654 timeo,
1042 2577 1546 2656 inconsideratius,
1594 2578 1705 2639 iam
1744 2579 1897 2640 enim
1941 2579 2120 2662 magis
2155 2578 2377 2640 arridet
2413 2599 2481 2640 ex
2527 2579 2634 2640 hae
2676 2578 2931 2641 lectione
2975 2579 3244 2661 prosecta
3280 2577 3596 2641 sententia:

669 2697 975 2772 „omnium
1017 2716 1161 2759 vero
1201 2718 1488 2757 summum
1529 2697 1705 2759 decus
1746 2709 1833 2759 est
1856 2705 2046 2772 quovis
2073 2715 2322 2770 tempore
2346 2720 2472 2755 sese
2496 2705 2792 2756 continens
2820 2697 3103 2759 indoles.”
3180 2695 3419 2759 Scholia
3444 2694 3597 2757 desi·

665 2813 962 2875 derantur.
1056 2814 1336 2876 Ceterum
1378 2814 1701 2875 molestiam
1738 2815 2023 2894 quandam
2065 2815 2286 2874 faciunt
2324 2813 2627 2875 abstractis
2666 2814 2962 2876 vocabulis
3001 2826 3279 2877 concreta
3316 2812 3596 2893 quaedam

660 2931 963 3012 permixta,
1000 2930 1182 2994 veluti
1224 2948 1346 2998 εῐπτ
1383 2938 1617 3004 sapei-ns
1653 2942 1715 2992 et
1750 2947 1930 3018 ωτι-,τῆς
1967 2938 2171 2990 nobilis
2208 2930 2313 2992 sed
2354 2930 2416 2991 in
2457 2929 2548 2992 his
2571 2930 2855 2992 Indorum
2893 2901 3104 3013 poetae
3142 2929 3597 2994 concinnitatem

658 3048 978 3112 verborum
1004 3072 1125 3112 non
1152 3049 1400 3112 multum
1431 3061 1654 3110 curant.
3131 3024 3140 3041 ’

658 3167 895 3230 Nobilis
921 3166 1094 3230 huius
1121 3169 1320 3249 capitis
1348 3166 1682 3229 conclusio:
1711 3166 1992 3247 quidquid
2016 3167 2219 3228 dicunt
2244 3188 2475 3228 morum
2502 3166 2678 3249 periti
2704 3200 2785 3216 —
2821 3168 2925 3229 sed
2951 3163 3166 3258 figunt
3196 3187 3370 3229 sensu
3393 3165 3593 3247 aliquo

661 3286 842 3350 modo
868 3286 1059 3368 peiori
1084 3286 1450 3361 sumendum,
1478 3284 1637 3365 quasi
1666 3284 1819 3346 dicas
1839 3292 2056 3345 morosi
2081 3318 2160 3333 --
2187 3284 2471 3366 quidquid
2495 3285 2766 3347 fortunae
2792 3308 2922 3347 casu
2944 3286 3176 3365 accidit,
3211 3283 3379 3347 sortis
3401 3297 3461 3346 et
3481 3282 3592 3346 sibi

663 3418 929 3469 constans
966 3405 1169 3484 bomo,
1202 3425 1277 3466 ne
1317 3415 1568 3466 mortem
1606 3403 1840 3486 quidem
1881 3403 2112 3482 timens,
2147 3402 2422 3468 virtutem
2448 3405 2729 3486 sequitur.
2808 3406 3019 3487 Neque
3047 3403 3183 3467 huie
3210 3403 3461 3467 disticho
3489 3403 3592 3464 ad-

659 3537 796 3587 sunt
820 3523 1081 3586 Scholia.

657 3646 1021 3707 Necessitate
1063 3644 1257 3706 divina
1298 3644 1492 3706 omnia
1532 3643 1662 3730 regi
1705 3656 1768 3705 et
1806 3643 2134 3725 quemlihet
2172 3656 2332 3707 sorte
2373 3666 2475 3708 sua
2501 3623 2843 3709 contentum
2871 3666 2996 3718 esse
3024 3644 3263 3725 debere,
3302 3656 3474 3729 caput
3498 3665 3591 3707 se·

660 3786 844 3846 quens
895 3764 1172 3847 exemplis
1227 3777 1674 3839 commonstrat;
1721 3764 1851 3826 fieri
1892 3764 2047 3826 enim
2088 3786 2259 3848 posse
2301 3786 2500 3829 versus
2540 3768 2729 3829 statim
2773 3767 3163 3852 octogesimus
3199 3749 3350 3830 alter
3400 3764 3592 3830 sabula

660 3885 835 3947 docet
872 3882 1183 3965 Aesopica,
1216 3895 1284 3945 ut
1317 3904 1556 3964 serpens
1597 3905 1704 3965 per
1728 3884 2231 3968 praestigiatorem
2264 3887 2515 3950 canistro
2543 3887 2800 3949 inclusus
2828 3899 2887 3948 et
2914 3887 3064 3948 same
3091 3887 3319 3950 iamiam
3343 3882 3592 3962 attritus,

659 4024 887 4064 murem
930 4013 1162 4080 rattum,
1198 4002 1296 4083 qui
1334 4001 1576 4063 corbem
1614 4002 2036 4082 perforaverat,
2072 4003 2421 4084 adipiscatur
2456 4018 2516 4066 et
2551 4027 2658 4086 per
2684 4007 2869 4087 ipsum
2897 4006 3136 4088 insuper
3164 4005 3426 4067 foramen
3454 4024 3590 4066 eva-

660 4120 776 4180 dat.
867 4136 1052 4208 ιῐῃτπε
1098 4140 1236 4181 cave
1279 4139 1354 4179 ne
1396 4126 1552 4178 victu
1589 4143 1816 4186 carens,
1863 4136 2003 4187 mss:
2051 4120 2330 4200 explices;
2365 4122 2735 4184 'scholiastes
2773 4143 2900 4184 rem
2943 4124 3217 4183 illustrat:
3265 4110 3587 4207 ῦΐέᾒὶεϊᾶε

648 4202 848 4318 (quod
900 4234 961 4296 in
1016 4235 1210 4298 sab-212
1268 4237 1565 4298 mumma
1617 4237 2036 4320 supplendum)
2099 4227 2395 4329 W&
2451 4229 2701 4306 ῆὲῐῆπι
2765 4241 2864 4323 aa
2919 4258 3111 4333 marg
3168 4228 3425 4307 ιῇπῐῑτῶ
3482 4233 3594 4331 ζῆ

655 4373 804 4425 mm
836 4374 955 4447 ιῐξῃ
986 4374 1096 4423 m
1134 4378 1160 4418 u
1246 4356 1487 4419 comt.
1531 4357 1668 4420 loco
1703 4350 1836 4425 πτῆε
1882 4359 2117 4422 videtur
2144 4358 2345 4444 legere
2370 4355 2485 4427 ὃπῆ
2510 4362 2669 4443 quod
2700 4361 2842 4424 ferri
2871 4384 2989 4425 non
3018 4373 3211 4445 potest
3236 4360 3370 4443 quia
3398 4358 3592 4421 Geni-

657 4478 809 4541 tivus
846 4488 989 4539 tune
1024 4468 1263 4543 ἰῇἣπεσ
1295 4478 1548 4539 debebat
1581 4480 1968 4560 praecedere3
2004 4480 2156 4541 idem
2189 4478 2341 4542 Cod.
2379 4480 2439 4542 in
2467 4481 2582 4543 sine
2617 4478 2801 4547 Εῆᾱῖῐι
2829 4498 2985 4547 παπ
3007 4490 3264 4542 'nomines
3289 4488 3475 4540 m'deoe
3502 4477 3590 4538 le-

654 4595 772 4679 giu
806 4595 1014 4658 melius
1040 4608 1234 4659 tamen
1263 4609 1351 4658 est
1375 4614 1561 4661 earm:
1589 4605 1703 4657 siba·
1722 4616 2024 4673 compotes.
2081 4598 2409 4680 sphalmata
2442 4600 2502 4660 in
2530 4601 2688 4662 Edit.
2712 4598 2831 4678 :ni-3
2865 4587 2982 4692 3¹3:
3013 4599 3144 4661 rell.
3174 4598 3555 4661 correximus.

658 4714 954 4798 Rogerius
994 4734 1247 4792 versum,
1282 4716 1343 4775 in
1381 4716 1538 4777 Edit.
1567 4716 1663 4777 Sr.
1688 4716 1953 4797 proxime
1979 4729 2320 4796 sequentem
2348 4719 2622 4796 reddidit,
2657 4731 2714 4779 at
2742 4740 2920 4798 quum
2950 4717 3152 4777 eadem
3181 4714 3429 4797 imagine
3458 4723 3582 4773 uta-

659 4842 756 4892 tur
780 4831 1064 4892 sententia
1091 4843 1154 4892 et
1177 4832 1239 4891 in
1274 4831 1424 4893 Cod.
1441 4829 1517 4892 A.
1555 4834 1761 4895 omissa
1786 4833 1880 4909 sit,
1916 4834 2148 4895 videtur
2174 4834 2422 4897 disticho
2452 4849 2655 4897 nostro
2683 4834 2823 4907 olim
2852 4831 3029 4893 fuisse
3051 4831 3353 4912 adscripta,
3390 4828 3580 4890 donec

661 4959 860 5029 postea
909 4948 971 5009 in
1008 4960 1227 5011 textum
1280 4949 1358 5012 sit
1392 4962 1629 5033 recepta
1677 4951 1970 5032 (dedimus
2010 4953 2075 5013 in
2115 4952 2416 5035 Supplem.
2460 4952 2595 5030 tm).
2692 4952 2762 5012 In
2805 4950 3065 5013 secundo
3107 4945 3476 5009 hemistichio
3514 4941 3583 5025 ff}
