4126 5595
521 551 686 638 198
960 568 1083 670 ‘IN
1136 561 1779 628 nnAnTmnAlus
1840 562 2326 627 CENTURIAS
2386 564 3095 635 COMMENTARIUS.

521 808 527 815 ·
651 767 879 832 Arabes
913 752 1125 826 vestem
1165 751 1412 845 (υηῑρ).
1456 794 1538 808 -
1586 758 1860 823 Amicum
1884 761 1946 823 in
1971 761 2136 826 malis
2164 763 2461 849 cognosci,
2494 784 2665 848 saepe
2689 778 3058 854 agnoverunt
3083 767 3237 848 Indi,
3271 768 3350 832 cs.
3376 776 3575 847 Ilieop.

654 901 818 971 pat.
898 884 1132 947 Scholia
1158 882 1581 946 desiderantur.

522 1020 610 1076 59.
662 1003 1121 1068 commendatur
1158 1000 1273 1062 hoc
1310 1019 1485 1062 versu
1521 998 1746 1060 animus
1781 999 2094 1062 submissus
2135 1020 2202 1062 ac
2236 1001 2382 1063 lenis
2409 1002 2509 1082 qui
2534 1002 2782 1064 aliorum
2810 1003 2996 1065 famae
3020 1017 3082 1066 et
3111 1005 3381 1067 fortunae
3409 1008 3581 1069 unice

656 1113 914 1185 intentus
943 1109 1191 1203 gloriam
1229 1118 1351 1199 ipse
1389 1117 1598 1179 exinde
1623 1117 1965 1197 assequitur.
2045 1120 2168 1181 Pro
2194 1119 2355 1203 vulg.
2381 1116 2581 1212 {gffifstt
2613 1121 2673 1181 in
2703 1120 2895 1183 Codd.
2918 1119 2992 1183 Δ.
3007 1123 3078 1184 Β.
3109 1134 3170 1184 et
3197 1124 3404 1186 Schol.
3433 1124 3585 1209 legi·

653 1258 751 1306 tur
786 1226 949 1306 πῶς
995 1238 1155 1322 quod
1193 1237 1253 1299 in
1294 1249 1514 1299 textum
1552 1237 1901 1319 recepimus,
1945 1237 2152 1301 Schol.
2191 1251 2492 1323 praeterea
2524 1257 2786 1309 amam:
2826 1250 3175 1304 stabilkntes
3211 1257 3347 1307 ante
3374 1244 3583 1309 oculos

652 1362 874 1426 habuit.
952 1362 1120 1423 Idem
1145 1359 1207 1421 in
1233 1357 1503 1421 membro
1529 1358 1788 1421 secundo
1813 1354 1977 1425 ἷέῐπῆ
1999 1359 2151 1422 male
2177 1359 2381 1423 scribit
2406 1382 2516 1444 pro
2541 1357 2723 1441 ἕξιππ,
2758 1369 3069 1424 inclinatus
3095 1378 3287 1427 autem
3314 1377 3400 1428 est
3423 1372 3593 1426 omm‘

653 1494 843 1547 labore
880 1491 1090 1544 nitens.
1165 1497 1364 1575 {gast
1406 1501 1611 1563 porro,
1646 1480 1805 1563 quod
1843 1480 1904 1542 in
1942 1476 2163 1575 ffmffsr
2207 1494 2391 1545 mutat
2432 1480 2695 1563 Cod.A.,
2722 1485 3094 1565 servavimus,
3127 1503 3230 1578 σῆς
3272 1499 3485 1567 tamen,
3521 1487 3583 1548 in

652 1607 939 1692 pluralem
967 1604 1209 1667 sortasse
1237 1622 1544 1663 numerum
1576 1603 1935 1681 mutandum,
1962 1622 2032 1663 ex
2059 1602 2210 1665 Cod.
2228 1605 2297 1666 B.
2320 1605 2383 1666 in
2409 1606 2919 1669 Instrumentalem
2950 1629 3141 1670 casum
3171 1608 3587 1670 convertimus.

651 1714 872 1790 maffia·
908 1721 1277 1782 membranae
1306 1739 1509 1780 omnes
1535 1719 1842 1791 exhibent3
1876 1740 1987 1798 pro
2006 1708 2340 1809 mit.
2367 1722 2591 1781 induxit
2614 1726 3028 1807 mquod
3057 1738 3249 1786 tamen
3279 1727 3448 1785 unius
3478 1746 3581 1785 co-

645 1840 802 1901 'dicis
835 1837 950 1897 sule
989 1835 1282 1896 noluimus
1320 1834 1608 1914 recipere,
1643 1834 1982 1914 praesertim
2010 1857 2188 1915 quum
2216 1834 2277 1895 in
2302 1846 2432 1896 toto
2462 1835 2835 1898 hemistichio
2862 1839 3125 1900 secundo
3153 1839 3586 1900 adnominatio-

656 1977 792 2017 nem
835 1964 1034 2034 aperte
1072 1951 1387 2031 captaverit
1422 1962 1615 2028 poeta,
1652 1970 1762 2028 qua
1800 1950 1873 2008 de
1913 1970 2104 2009 caussa
2142 1951 2408 2009 ultimum
2442 1972 2678 2030 quoque
2705 1951 2948 2014 verbum
2974 1941 3294 2019 ωωὲῐτῆῦτε
3324 1967 3390 2016 ut
3411 1953 3487 2015 Δ.
3518 1969 3583 2018 et

656 2069 894 2133 Scholia
921 2066 1157 2144 habent,
1190 2066 1424 2129 videtur
1450 2064 1920 2146 praeferendum.
1997 2065 2237 2126 Initium
2268 2078 2429 2126 certe
2457 2067 2645 2127 lineae
2675 2081 2910 2147 quartae
2938 2067 3216 2130 intactum
3246 2069 3423 2131 debet
3457 2092 3585 2133 ser-

652 2189 805 2255 vari:
856 2184 1098 2249 Cod.A.
1139 2198 1201 2248 et
1243 2178 1711 2248 Commentarius
1748 2176 1891 2249 Εἰ-τῆ
1926 2171 2257 2249 δτπὸῦῆτε
2302 2183 2528 2270 legunt,
2577 2185 2679 2247 sed
2718 2171 2833 2250 ’ῦιῖῐε
2876 2185 3032 2248 idem
3073 2187 3229 2250 valet
3267 2189 3425 2269 quod
3467 2178 3578 2253 εἶπε

654 2309 837 2373 scilic.
859 2295 988 2372 ᾖτε

519 2437 608 2489 6⁰.
655 2430 875 2488 Versus
914 2424 975 2483 in
1013 2422 1171 2482 Edit.
1201 2423 1295 2482 Sr.
1324 2421 1566 2483 omissus
1606 2420 1667 2479 in
1697 2418 1848 2480 Cod.
1867 2419 1941 2479 A.
1969 2440 2278 2481 numerum
2307 2420 2649 2503 vigesimum
2675 2433 2899 2482 sextum
2927 2443 3066 2503 prae
3092 2444 3155 2483 se
3184 2423 3300 2483 sert
3326 2423 3586 2503 quidem,

651 2544 754 2611 sed
789 2543 862 2603 ad
901 2554 1074 2623 caput
1112 2553 1377 2601 nostrum
1415 2559 1549 2600 cum
1589 2536 1856 2620 Rogerio
1897 2536 2243 2599 referendus
2279 2551 2385 2599 est.
2464 2539 2638 2599 Varia
2674 2552 2986 2622 praecepta
3024 2512 3587 2616 moralia⁹continet,

656 2682 804 2745 quae
830 2661 892 2750 in
916 2659 1097 2722 Vedis
1124 2660 1365 2741 aliisque
1392 2656 1556 2719 libris
1583 2655 1757 2718 sacris
1790 2667 2010 2718 exstare
2037 2669 2209 2739 poeta
2237 2668 2500 2737 testatur,
2539 2659 2617 2720 ita
2642 2671 2709 2720 ut
2736 2657 3101 2744 Octolognm
3127 2659 3420 2743 appellare
3444 2680 3583 2740 pos-

656 2782 732 2847 sis
779 2803 1040 2855 versum;
1090 2790 1247 2842 vetat
1281 2799 1492 2861 nempe
1532 2778 1757 2856 caedes,
1795 2776 2034 2855 furtum,
2071 2778 2457 2856 mendacium,
2504 2779 2876 2843 commendat
2916 2779 3218 2857 beneficia,
3270 2779 3582 2844 continen-

658 2904 818 2980 tiam,
845 2900 1182 2975 castitatem,
1214 2898 1554 2959 modestiam
1584 2910 1643 2958 et
1668 2917 1806 2978 prae
1835 2897 2078 2960 caeteris
2105 2897 2167 2957 in
2195 2918 2398 2960 omncs
2423 2898 2692 2961 homines
2718 2899 3190 2962 benevolentiam
3217 2913 3390 2980 atque
3415 2920 3579 2960 amo-

659 3039 802 3080 rem.
879 3015 1078 3077 Verba
1115 3015 1339 3097 singula
1379 3014 1637 3074 facilium
1674 3026 1842 3090 sunt,
1895 3034 2089 3095 neque
2127 3016 2411 3076 variantes
2449 3016 2970 3095 deprehenduntur
3012 3015 3295 3077 lectiones
3332 3018 3392 3076 in
3432 3036 3578 3092 uno,

655 3154 829 3215 quem
868 3132 1156 3208 consului,
1194 3130 1449 3188 Cod.B.=
1485 3149 1604 3189 non
1645 3132 1799 3188 enim
1840 3141 2060 3189 exstare
2097 3130 2330 3191 videtur
2363 3133 2649 3191 sententia
2690 3133 2750 3191 in
2786 3133 2867 3191 D.
2905 3145 2965 3191 et
2987 3132 3340 3213 Taylhiano
3369 3133 3576 3194 codice

552 3260 556 3263 ’
654 3246 1000 3328 ceteroquin
1033 3244 1493 3327 corruptissimo.

519 3376 627 3435 6¹:
659 3365 904 3433 cod-A.
940 3365 1112 3450 primi
1149 3362 1505 3426 hemistichii
1541 3361 1802 3424 membra
1838 3361 2166 3445 transponit
2193 3373 2253 3424 et
2276 3375 2412 3424 ante
2436 3378 2618 3428 vura:
2650 3362 2989 3446 particulam
3009 3379 3062 3456 fi
3085 3363 3311 3427 inserit.
3387 3368 3579 3428 Voca-

652 3488 789 3552 bula
821 3483 954 3553 ᾒῑπ
987 3482 1297 3574 πται-ζῶε
1339 3504 1488 3565 quae
1526 3482 1731 3545 Schol.
1770 3504 1877 3566 per
1913 3480 2104 3574 ffingffl
2137 3470 2279 3547 ᾶῆἕῐ
2315 3482 2580 3565 explicat,
2618 3484 2692 3544 de
2731 3483 2829 3545 tali
2860 3484 3241 3570 intelligenda
3267 3498 3404 3547 sunt
3427 3486 3579 3549 vitae

652 3609 882 3673 ratione
930 3598 1159 3690 qualem
1211 3606 1477 3667 doctrina
1520 3604 1592 3664 de
1645 3603 1906 3665 moribus
1948 3603 2254 3686 praecipit,
2305 3605 2382 3664 ita
2424 3615 2490 3665 ut
2529 3602 2901 3666 Adiectivum
2941 3621 3091 3670 :um
3130 3614 3462 3666 conveniens
3500 3607 3573 3667 ad

651 3729 942 3803 Ethicam,
975 3728 1259 3807 Nyziyam,
1292 3724 1511 3783 alludat
1533 3722 1733 3793 simul;
1769 3724 2145 3783 scholiorum
2170 3720 2324 3787 &fib
2352 3723 2786 3804 ambiguitatem
2813 3744 2935 3783 non
2963 3723 3119 3786 tollit
3144 3746 3324 3803 quum
3352 3724 3426 3784 de
3439 3729 3578 3800 sato

654 3860 716 3909 et
743 3860 1048 3921 praecepto
1087 3843 1337 3902 dicatur:
1372 3859 1752 3921 quaecunque
1777 3853 1969 3900 autem
1998 3853 2086 3900 est
2112 3839 2375 3901 conditio
2402 3840 2500 3899 illa
2526 3840 2619 3901 vel
2647 3839 2965 3900 moralibus
2991 3840 3382 3902 demonstrata
3408 3860 3579 3921 prae-

655 3963 861 4046 ceptis,
892 3961 990 4025 vel
1025 3960 1144 4023 sato
1185 3959 1638 4040 circumscripta,
1676 3977 1741 4019 ea
1782 3982 1944 4025 cara,
1977 3954 2129 4035 ffim,
2166 3957 2344 4019 debet
2382 3976 2504 4018 esse
2536 3955 2780 4019 homini.
2857 3958 2954 4017 De
2983 3956 3234 4020 clausula
3257 3955 3580 4021 sententiae

654 4082 773 4144 vid.
798 4103 973 4164 supra
997 4104 1081 4144 vs.
1097 4082 1186 4143 54.

502 4173 613 4269 109.
655 4202 872 4287 Incipit
909 4214 1082 4285 caput
1120 4197 1601 4285 pulcherrimum,
1645 4214 1967 4278 Πζῐππῐὲπ
2002 4197 2365 4281 inscriptum,
2400 4196 2516 4260 hoc
2557 4210 2643 4259 est
2670 4196 2742 4259 de
2770 4195 3068 4260 beneficiis
3093 4199 3464 4281 praestandis,
3501 4201 3577 4263 de

655 4323 1006 4411 gratitudine
1033 4323 1209 4386 animi
1240 4336 1300 4386 et
1326 4322 1385 4383 in
1415 4309 1748 4383 universum
1776 4321 1848 4382 de
1877 4341 1990 4403 ope
2016 4320 2142 4383 aliis
2170 4319 2502 4383 hominibus
2530 4318 2790 4382 serenda.
2843 4319 3076 4383 Primus
3103 4318 3273 4383 huius
3299 4321 3574 4384 sectionis

660 4463 863 4505 versus
881 4444 1241 4505 suavissimus
1267 4442 1326 4500 in
1354 4447 1627 4499 Kamast
1651 4451 1828 4501 exstat
1855 4440 2159 4501 Sakuntala
2185 4449 2346 4521 p.97.
2375 4452 2435 4499 et
2462 4440 2768 4520 disceptari
2793 4458 2929 4498 sane
2956 4450 3151 4520 potest
3175 4461 3313 4500 num
3338 4453 3574 4501 senten-

603 4543 610 4592 J
661 4560 870 4622 tiarum
895 4561 1198 4623 ‘collector
1230 4546 1574 4622 sententiam
1604 4579 1672 4619 ex
1698 4558 1804 4619 illo
1832 4559 1943 4619 sibi
1971 4558 2280 4639 sumpserit
2316 4558 2593 4633 dramate,
2637 4577 2709 4618 an
2748 4575 2894 4617 vero
2935 4566 3109 4637 poeta
3137 4556 3574 4635 celeberrimus,

661 4676 1047 4739 Bhartriha'ris
1071 4677 1254 4739 nostri
1279 4678 1552 4757 aequalis,
1589 4676 1878 4738 distichon
1905 4675 2111 4752 hocce,
2145 4673 2523 4757 popularibus
2548 4674 2772 4736 iamiam
2799 4686 3024 4751 notum,
3063 4673 3287 4736 fabulae
3317 4693 3454 4736 suae
3479 4674 3571 4735 in·

657 4795 925 4855 seruerit.
1004 4794 1138 4856 Hoc
1179 4794 1443 4855 ultimum
1483 4795 1624 4855 mibi
1666 4796 1792 4855 veri
1824 4794 2066 4856 similius
2098 4806 2204 4870 est,
2239 4794 2372 4874 quia
2400 4806 2461 4853 et
2485 4791 2874 4854 Bhavabhutis
2898 4791 3113 4873 aliique
3153 4811 3333 4874 opera
3358 4810 3460 4853 sua
3484 4803 3571 4853 ta·

662 4909 815 4973 libus
839 4913 1142 4976 sententiis
1172 4926 1438 4993 tanquam
1463 4913 1705 4996 gemmis
1731 4934 2038 4978 ornavere.
2097 4920 2330 4973 Chesues
2357 4932 2434 4973 ne
2460 4909 2702 4975 verbum
2729 4909 2962 4991 quidem
2992 4911 3067 4972 dc
3093 4908 3201 4973 hac
3219 4929 3287 4973 re
3304 4909 3574 4992 protulit,
