4126 5595
551 608 612 670 χ
1092 565 1097 568 ’
1824 599 2334 667 rasurum.

835 792 997 866 Iam
1047 788 1140 865 de
1193 791 1472 863 auxiliis
1522 790 1726 880 meis,
1788 789 2054 890 quibus
2107 792 2186 862 in
2225 786 2366 862 hac
2401 787 2829 863 Satacorum
2876 789 3199 867 editione
3247 820 3419 868 usus
3454 821 3618 868 sum

565 943 642 1006 et
691 924 786 1003 de
838 930 926 1003 iis
976 929 1055 1002 in
1105 950 1368 1028 genere
1422 947 1611 1027 quae
1663 921 1756 998 ad
1810 927 2028 999 crisin
2077 926 2453 1028 pertinent
2502 951 2734 1028 pauca
2785 923 3094 1002 dicenda
3145 944 3343 1022 sunt,
3408 954 3620 1031 prae-

564 1065 781 1168 cipue
844 1060 938 1139 de
1003 1063 1507 1164 manuscriptis
1560 1059 1962 1136 Codicibus
2034 1063 2164 1163 qui
2211 1058 2564 1155 Londini,
2633 1065 2711 1136 in
2776 1063 3069 1167 collegii
3131 1081 3624 1140 mercatorum

563 1203 646 1277 in
704 1198 992 1276 Indiam
1059 1200 1627 1275 commeantium
1676 1198 1940 1272 Museo
1996 1199 2223 1298 (East
2270 1198 2491 1275 India
2544 1201 2829 1299 Haase)
2884 1216 3338 1279 asservantur
3390 1218 3464 1277 et
3513 1205 3623 1278 vi·

564 1365 816 1414 rorum
877 1335 1189 1416 cuiu'svis
1253 1337 1571 1438 regionis
1626 1334 2016 1411 doctorum
2066 1339 2232 1412 usui
2283 1363 2561 1413 summa
2614 1365 2783 1414 cum
2834 1339 3266 1416 liberalitate
3318 1343 3622 1444 permit-

563 1491 842 1553 tuntur.
955 1471 1271 1551 Codices
1332 1471 1858 1565 Bhartriharis,
1926 1488 2221 1576 praeter
2276 1477 2576 1549 unicum
2628 1475 3195 1579 Taylorianum,
3265 1476 3623 1554 Gaikava-

565 1636 813 1687 renses
866 1635 1121 1687 omnes
1172 1626 1247 1685 et
1294 1636 1336 1683 a
1385 1612 1546 1683 viro
1599 1608 2029 1684 immortalis
2078 1613 2475 1684 memoriae
2513 1608 3026 1686 Colebrookio
3060 1612 3326 1687 Museo
3374 1610 3628 1686 donati

565 1760 760 1825 sunt.
864 1745 1072 1820 Inter
1127 1743 1267 1819 hos
1335 1740 1596 1817 Codex
1658 1745 1980 1844 optimae
2041 1758 2261 1818 notae
2323 1758 2400 1818 et
2463 1770 2504 1817 a
2556 1745 2772 1819 nobis
2819 1748 3168 1847 princeps
3217 1744 3513 1819 habitus
3565 1750 3627 1819 is

568 1870 703 1973 est,
763 1881 894 1982 qui
944 1881 1299 1983 scriptura
1349 1877 1890 1979 Devanagarica
1942 1894 2298 1970 exaratus,
2367 1881 2442 1951 in
2498 1876 2855 1980 Catalogo
2910 1903 3219 1953 numero
3282 1879 3466 1954 1⁷91
3527 1880 3623 1952 si·

565 2030 862 2119 gnatus,
945 2039 1200 2091 omnes
1259 2012 1747 2088 Bhartriharis
1820 2017 2215 2088 sententias
2279 2013 2793 2116 complectitur
2858 2041 3027 2090 cum
3091 2016 3623 2090 commentario

561 2167 958 2257 perpetuo.
1032 2150 1444 2252 -Scriptura
1511 2145 1813 2222 Codicis
1872 2147 2131 2249 paullo
2197 2153 2566 2223 recentior
2626 2150 2917 2227 videtur
2976 2177 3219 2255 neque
3284 2152 3625 2227 librarius

565 2314 837 2362 annum
888 2311 1043 2389 quo
1094 2286 1594 2360 membranam
1646 2279 2114 2384 descripserit
2165 2286 2472 2359 notavit.
2577 2283 2738 2358 Nos
2787 2285 2998 2360 litera
3040 2289 3108 2360 A
3146 2287 3477 2363 codicem
3513 2285 3624 2361 di·

564 2423 970 2513 stinximus,
1027 2446 1197 2496 cum
1249 2415 1574 2492 editione
1627 2421 1976 2518 impressa
2020 2442 2241 2517 quam
2278 2420 2808 2491 accuratissime
2846 2419 3290 2494 contulimus
3326 2425 3630 2520 eiusque

564 2552 845 2631 scholia
907 2550 1458 2658 descripsimus,
1545 2575 1864 2653 quorum
1929 2550 2435 2655 apographum
2500 2551 2762 2628 sollers
2826 2551 3248 2629 Stenzlerus
3310 2579 3484 2627 cura
3544 2578 3631 2627 ac

567 2684 941 2795 diligentia
1004 2688 1291 2785 denuo,
1360 2705 1698 2792 tempore
1756 2702 2101 2791 urgente,
2170 2687 2658 2792 perlustravit.
2740 2734 2821 2748 —
2897 2687 3279 2765 Secundus
3332 2686 3621 2782 Codex,

569 2856 795 2937 quem
832 2827 904 2912 B
958 2831 1518 2923 nominavimus,
1576 2831 1655 2905 in
1706 2827 2037 2931 catalogo
2089 2853 2478 2905 numerum
2529 2854 2707 2933 prae
2758 2855 2836 2904 sc
2887 2828 3033 2905 sert
3075 2829 3266 2905 1987
3306 2845 3380 2904 ct
3412 2852 3625 2933 prae-

567 2982 684 3045 ter
742 2969 885 3045 alia
947 2966 1332 3071 quaedam,
1403 2983 1489 3040 ut
1547 2963 2075 3070 Kiratzirjuniyi
2140 2938 2647 3067 {ragmentum,
2723 2945 3086 3068 integrum
3133 2966 3628 3041 Bhartriharis

572 3126 761 3206 opus
845 3100 978 3179 sed
1062 3106 1218 3177 sine
1306 3104 1844 3175 commentariis
1937 3104 2305 3191 continet,
2407 3103 2763 3202 scriptura
2853 3097 3370 3203 devanagarica
3460 3104 3631 3174 satis

571 3238 896 3339 antiqua,
962 3233 1259 3313 Samvat
1318 3236 1540 3326 1604,
1608 3233 1755 3309 hoc
1818 3249 1927 3306 est
1977 3258 2172 3307 anno
2225 3258 2305 3336 p.
2350 3230 2533 3307 Chr.
2575 3261 2651 3308 n.
2705 3236 2893 3308 1547
2949 3239 3430 3339 conscriptus.
3537 3233 3631 3308 In

569 3371 890 3448 lectione
958 3367 1260 3475 quidem
1310 3372 1607 3473 insignis
1658 3384 1770 3444 est
1818 3365 2303 3445 aestimandus
2372 3365 2632 3462 codex,
2704 3372 2982 3473 quippe
3035 3374 3241 3446 cuius
3291 3369 3632 3446 librarius

570 3507 990 3612 complures
1041 3523 1210 3585 ante
1264 3506 1521 3583 oculos
1571 3505 1912 3581 habuisse
1963 3505 2421 3579 membranas
2469 3510 2704 3608 possit
2751 3502 2984 3582 videri
3034 3533 3124 3583 ex
3170 3509 3438 3611 quibus
3473 3522 3625 3581 tex·

570 3659 732 3720 tum
783 3641 1338 3747 quodammodo
1391 3646 1725 3718 criticum
1768 3644 2210 3717 concinnare
2256 3639 2608 3734 studeret,
2661 3644 3106 3721 vocabulum
3151 3643 3350 3719 aliud
3394 3641 3627 3719 trans-

573 3776 898 3881 figendo,
954 3775 1153 3852 aliud
1207 3777 1431 3852 obelo
1484 3775 1841 3869 notando,
1900 3792 1977 3849 et
2023 3779 2423 3851 variantem
2471 3776 2869 3852 lectionem
2918 3783 3155 3870 uncis,
3212 3779 3360 3853 hoc
3400 3777 3631 3852 modo

573 3934 803 3995 ><—><
861 3909 1337 3988 includendo.
1445 3909 1698 4005 Quum
1747 3926 1994 3986 tamen
2047 3935 2140 3985 eo
2192 3936 2347 3986 non
2396 3917 2836 4015 processerit
2884 3929 2970 3989 ut
3020 3912 3429 4014 sphalmata
3483 3914 3631 3987 evi·

574 4063 762 4125 taret
819 4051 1135 4154 pessima
1198 4046 1327 4126 sed
1392 4072 1920 4152 saepenumero
1985 4046 2432 4122 intolerabili
2481 4048 2921 4150 negligentia
2972 4064 3191 4149 atque
3244 4049 3624 4121 oscitantia

574 4185 800 4264 verba
854 4187 1171 4280 vitiaret,
1242 4188 1679 4290 scriptorem
1744 4186 2079 4261 existimo
2140 4198 2351 4278 vetus
2416 4182 2791 4287 quoddam
2858 4182 3232 4288 exemplar
3292 4187 3625 4260 criticum

575 4320 1052 4423 negligentius
1101 4326 1669 4426 transscripsisse
1719 4326 1969 4426 potius
2021 4348 2243 4426 quam
2294 4346 2429 4397 suo
2481 4324 2709 4424 ipsius
2759 4319 3033 4396 iudicio
3086 4347 3171 4396 ac
3205 4324 3369 4398 crisi
3406 4322 3628 4397 fuisse

575 4481 818 4529 usum.
905 4454 1253 4531 Ceterum
1301 4462 1670 4532 centuriae
1721 4461 1799 4531 in
1850 4458 1997 4532 boc
2047 4455 2475 4561 apographo
2526 4456 2748 4558 longe
2802 4456 2991 4529 ultra
3041 4473 3336 4530 centum
3379 4482 3629 4531 versus

576 4602 1114 4664 transcurrunt:
1185 4590 1534 4693 Vairagya
1599 4595 1796 4666 enim
1864 4600 2003 4665 123
2060 4591 2356 4666 exhibet
2418 4586 2763 4682 disticha,
2829 4589 2987 4665 Niti
3049 4592 3218 4683 106,
3287 4588 3629 4691 Sringara

585 4730 760 4817 121,
816 4728 917 4800 ita
964 4740 1052 4801 ut
1098 4725 1436 4801 librarius
1486 4726 1750 4829 aliquis
1784 4730 2153 4804 recentior
2185 4726 2330 4801 hoc
2363 4725 2622 4803 codice
2654 4752 2852 4820 usus,
2910 4728 3312 4800 centuriam
3342 4740 3627 4800 tantum

579 4855 1118 4938 desideraturus
1169 4878 1358 4939 esset
1408 4860 1805 4957 dimidiam,
1862 4861 1955 4939 ad
2002 4879 2335 4967 quartam
2369 4866 2430 4938 si
2466 4863 2857 4966 placuisset
2888 4859 3384 4966 digerendam.
3468 4859 3630 4937 Nos

577 5018 757 5070 vero
815 5020 1067 5072 versus
1132 5023 1413 5089 omnes,
1484 5002 1614 5100 qui
1671 4995 1869 5100 apud
1931 4999 2117 5074 alios
2176 4997 2798 5090 desiderabantur,
2867 4998 3197 5074 exsulare
3246 5001 3583 5074 iussimus
3600 5026 3624 5074 ε
