4126 5595
518 561 698 649 214
1023 580 1115 640 ιΝ
1169 571 1813 638 nnAnTntuAnts
1873 569 2360 632 cl-:N‘rumAs
2419 572 3131 640 COMMENTARIUS.

626 801 748 844 sam
775 776 1169 853 indicandum,
1195 785 1441 856 propter
1466 790 1635 851 quam
1663 780 1839 853 poeta
1867 780 1927 831 et
1952 767 2077 851 ipse
2103 766 2333 850 (W
2356 769 2589 852 supplet
2617 769 2850 852 Schol.)
2877 772 3285 854 cupiditatibus
3311 775 3603 839 inservire

630 920 693 963 se
736 898 966 960 fatetur.
1043 894 1207 955 Dicit
1244 892 1428 954 enim:
1463 889 1829 971 quantumvis
1868 911 2109 974 magnus
2143 889 2350 970 aliquis
2389 890 2621 952 videtur
2647 902 2709 952 et
2744 890 3057 954 virtutibus
3096 893 3356 977 insignis,
3399 905 3600 957 tamen

518 1034 541 1060 ·-
632 1019 735 1081 ille
771 1003 1142 1080 terrestribus
1169 1012 1346 1074 rebus
1385 1009 1683 1086 adhaeret,
1720 1009 1797 1069 ita
1824 1021 1889 1070 ut
1914 1008 2013 1070 alii
2039 1009 2274 1069 tandem
2301 1009 2478 1091 ipsius
2505 1011 2835 1093 exemplum
2859 1024 3197 1092 sequantur,
3233 1014 3604 1094 quantumvis

632 1139 783 1200 benc
810 1135 976 1221 gnari
1005 1133 1228 1195 fructus
1257 1151 1505 1215 operum
1533 1115 1664 1210 (ειτῖῐ
1688 1129 1748 1190 ἰιι
1776 1128 1979 1190 Schol.
2009 1128 2323 1213 legendum
2352 1151 2461 1211 pro
2488 1130 2643 1208 m)
2676 1129 2988 1211 aliquando
3016 1153 3141 1193 non
3166 1133 3477 1195 admodum
3505 1134 3602 1195 in-

629 1259 821 1342 signes
850 1255 999 1318 fore.
1062 1254 1225 1315 Haec
1252 1251 1576 1314 sententiae
1605 1250 1794 1312 nativa
1825 1249 2058 1311 videtur
2084 1260 2395 1329 structura,
2430 1272 2601 1333 quam
2629 1251 2689 1311 in
2717 1251 3011 1330 versione,
3043 1251 3304 1334 alioquin
3330 1253 3606 1315 liberiori

630 1375 973 1461 paullulum,
1009 1374 1336 1458 exprimere
1373 1371 1696 1434 studuimus
1734 1383 1799 1433 ut
1834 1393 1966 1432 cum
2009 1371 2274 1453 proxime
2311 1384 2596 1454 sequente
2635 1371 2946 1435 cohaereat
2986 1394 3203 1437 versus.
3281 1373 3605 1457 Rogerius,

631 1521 771 1564 num
797 1521 856 1582 p.
871 1508 999 1566 295.
1025 1519 1108 1558 vs.
1127 1503 1202 1573 7.,
1227 1513 1301 1555 an
1328 1512 1472 1555 vero
1501 1514 1557 1574 p.
1580 1497 1704 1559 296.
1729 1513 1813 1553 vs.
1832 1505 1883 1553 1.
1908 1492 2256 1576 sententiam
2284 1504 2540 1554 nostram
2570 1492 3031 1573 circumscribat,
3057 1494 3210 1556 haud
3239 1491 3409 1555 facile
3436 1493 3601 1554 dixe-

635 1620 740 1691 ris;
773 1638 1003 1679 sensum
1031 1615 1224 1676 reddit
1250 1624 1519 1692 uterque,
1556 1630 1666 1670 nec
1693 1623 1886 1671 tamen
1912 1610 2136 1693 singula
2166 1631 2427 1692 expressa
2454 1625 2588 1674 sunt
2615 1612 2918 1675 vocabula.

535 1738 588 1795 el.
634 1733 1025 1795 Insatiabilem
1052 1729 1369 1809 alloquitur
1394 1749 1553 1788 suam
1581 1726 1757 1806 ipsius
1784 1727 1844 1784 in
1872 1725 2025 1785 bona
2055 1727 2268 1785 caduca
2298 1728 2466 1787 huius
2492 1730 2644 1790 vitae
2671 1731 2847 1804 sitim,
2883 1749 2994 1809 qua
3021 1729 3300 1810 impulsus
3324 1728 3396 1788 ad
3420 1729 3600 1789 ardua

638 1848 872 1930 quaevis
908 1859 1135 1927 paratus
1162 1845 1402 1904 virtutes
1430 1841 1776 1922 neglexerit.
1855 1840 2222 1900 Vocabulum
2246 1830 2371 1905 ἓτεῐτ
2394 1842 2451 1899 in
2480 1839 2690 1901 talibus
2716 1842 2786 1901 ad
2817 1844 3169 1924 Vairagyum
3205 1843 3602 1922 spectantibus

636 1962 938 2026 sententiis
963 1961 1226 2019 militiam
1256 1956 1721 2036 frequentissime
1750 1966 1810 2014 et
1835 1975 2043 2014 munus
2072 1956 2131 2014 in
2158 1976 2379 2037 genere
2407 1956 2565 2035 quod
2591 1957 2842 2036 principi
2871 1957 3142 2032 debetur,
3175 1957 3457 2038 significat
3487 1957 3600 2034 (cf.

634 2084 760 2138 Nm·
776 2079 901 2157 94.)
940 2098 1058 2156 quo
1097 2074 1402 2155 inquinare
1441 2092 1504 2132 se
1537 2083 1743 2152 putant
1768 2070 2038 2132 homines
2068 2072 2349 2155 religiosi,
2387 2084 2451 2132 ut
2478 2073 2649 2131 etiam
2677 2076 2782 2130 Au
2799 2079 2993 2132 Ilau‘n
3019 2074 3081 2132 in
3106 2073 3222 2134 vita
3250 2094 3347 2133 sua
3375 2077 3461 2152 (p.
3478 2075 3603 2148 33.)

637 2196 711 2257 de
750 2194 879 2255 mii.
904 2194 1033 2256 uns
1059 2193 1170 2255 viri
1195 2191 1376 2254 sancta
1405 2189 1669 2269 loquitur
1709 2189 1927 2247 ossa-2.
1971 2169 2144 2270 22>ss
2177 2183 2364 2270 ὀμ
2410 2179 2655 2256 ,Μα-
2698 2179 2951 2271 υωῐ,ς.
3031 2188 3236 2252 codex
3260 2181 3608 2280 affinga

635 2314 826 2376 minus
866 2311 1019 2373 bene
1055 2309 1360 2392 proponit,
1393 2305 1530 2373 ar&
1569 2307 1724 2367 enim
1764 2305 1821 2366 h.
1840 2307 1878 2367 l.
1919 2308 2189 2368 ordinem
2225 2308 2347 2369 sive
2388 2320 2597 2368 castam
2627 2307 2898 2384 intendit,
2934 2329 3081 2388 quae
3109 2309 3209 2369 tali
3231 2309 3470 2376 servitio
3499 2308 3603 2367 ‹le-

638 2431 999 2493 bonestatur.
1079 2431 1151 2488 In
1193 2427 1448 2487 lectione
1486 2437 1679 2486 autem
1715 2415 1874 2516 ἔὲιῖὲῐ
1913 2447 2022 2505 pro
2058 2415 2220 2517 &355
2245 2427 2402 2506 quod
2434 2427 2565 2486 heic
2600 2427 2972 2488 commodum
3005 2447 3235 2488 sensum
3275 2447 3394 2487 non
3436 2445 3605 2506 prae-

637 2549 760 2628 bet,
793 2548 1130 2630 conspirant
1156 2545 1232 2608 A.
1249 2547 1318 2607 B.
1347 2557 1406 2606 et
1433 2543 1690 2605 Scholia.

539 2684 593 2754 5.
640 2670 712 2732 In
752 2669 953 2731 eadem
994 2687 1060 2729 re
1105 2665 1300 2750 pergit
1336 2677 1397 2726 et
1435 2665 1694 2745 quinque
1724 2676 2146 2726 commemorat
2168 2662 2426 2751 negotia,
2463 2663 2674 2745 quibus
2699 2686 2761 2726 se
2790 2664 3091 2727 immisisse
3120 2664 3261 2727 dicit
3287 2675 3353 2726 ut
3377 2662 3607 2725 divitia·

643 2814 771 2855 rum
814 2787 1187 2873 cupiditatem
1228 2784 1514 2868 expleret:
1550 2783 2092 2849 thesaurifossorem
2136 2786 2286 2871 egit;
2320 2785 2675 2850 aurifodinas
2713 2800 3106 2869 perscrutatus
3134 2800 3249 2862 cst3
3284 2785 3605 2872 navigatio-

651 2915 804 2973 nem'
825 2910 1103 2981 instituit;
1138 2928 1309 2991 reges
1337 2905 1520 2967 coluit
1547 2918 1607 2967 et
1633 2905 1878 2967 vocibus
1905 2907 2077 2968 sacris
2111 2925 2395 2967 crematos
2421 2916 2676 2967 excitare
2700 2925 2954 2967 mortuos
2984 2910 3243 2969 tentavit.
3298 2909 3474 2968 Indos
3501 2926 3606 2967 ve-

647 3043 803 3091 teres
843 3025 1194 3108 navigationi
1232 3045 1293 3084 se
1331 3023 1575 3098 dedisse,
1609 3022 1875 3102 plurimis
1910 3023 2050 3082 alibi
2093 3022 2476 3103 comprobare
2513 3024 2834 3084 studuimus
2859 3025 3243 3105 argumentis3
3280 3024 3607 3084 metallicos

645 3145 800 3222 ipsos
843 3142 1028 3224 egisse
1070 3152 1130 3201 et
1167 3150 1398 3217 puteos,
1449 3137 1586 3218 igne
1625 3138 1884 3211 admoto,
1934 3137 2287 3211 instruxisse,
2324 3156 2392 3195 ex
2427 3138 2544 3196 hoc
2584 3139 2718 3197 loco
2748 3138 3036 3198 discimus.
3110 3155 3304 3203 murra
3330 3150 3416 3198 est
3441 3137 3608 3198 locus

645 3258 746 3322 ubi
788 3257 1008 3319 mortui
1048 3265 1499 3317 concremantur
1528 3264 1587 3312 ct
1615 3252 1714 3313 ubi
1742 3258 1999 3319 Pisae-ht,
2035 3258 2332 3329 Kraqyada‘
2354 3265 2414 3314 et
2440 3254 2497 3313 id
2524 3274 2711 3337 genus
2735 3252 2834 3313 alii
2863 3254 3194 3332 daemones,
3229 3266 3294 3314 ut
3319 3255 3471 3334 apud
3498 3275 3610 3314 no·

642 3390 846 3442 strates
884 3376 946 3437 in
988 3374 1194 3451 triviis,
1231 3374 1448 3456 degere
1493 3384 1788 3453 putantur,
1825 3393 1973 3452 quos
2013 3384 2080 3433 ut
2119 3393 2262 3454 opes
2298 3370 2636 3454 praebeant,
2673 3371 3024 3435 carminibus
3060 3373 3235 3436 sacris
3281 3372 3609 3456 impellunt.

540 3533 544 3538 -
643 3498 827 3559 Erant
860 3495 1012 3578 apud
1050 3495 1298 3554 Veteres
1325 3512 1561 3572 quoque
1588 3470 2055 3587 τυμβωρύχοι,
2085 3492 2184 3571 qui
2213 3491 2497 3553 defossam
2526 3514 2658 3553 cum
2685 3493 2930 3554 mortuis
2949 3492 3253 3573 pecuniam
3290 3492 3612 3575 rapiebant,

644 3639 755 3699 qua
782 3617 843 3677 fu
871 3634 938 3677 re
963 3621 1216 3674 Plautus
1243 3610 1552 3691 (Pseudol.
1584 3624 1634 3688 1,
1654 3610 1754 3687 ¹l.):
1779 3635 1854 3670 ca:
1879 3620 1984 3670 hoc
2009 3620 2307 3685 sepulchro
2333 3630 2517 3672 vetere
2545 3618 2755 3684 viginti
2774 3620 2968 3671 ms'uas
2995 3616 3273 3688 effodiam
3299 3636 3402 3683 ego
3424 3617 3609 3676 leodic.-

647 3747 813 3796 erant
848 3738 1148 3809 bustu-apt,
1185 3728 1286 3809 qui
1327 3728 1387 3786 in
1432 3727 1755 3806 sepulchris
1793 3728 1971 3806 ipsam
2014 3728 2087 3787 de
2130 3748 2279 3809 rogo
2320 3748 2560 3788 coenam
2605 3748 2815 3808 capere
2855 3731 3098 3804 (Catull.
3127 3729 3315 3803 59,2.)
3357 3740 3418 3786 ct
3456 3728 3606 3786 lucri

647 3871 838 3914 caussa
864 3847 1058 3910 omnia
1083 3845 1334 3905 nefanda
1357 3843 1554 3904 subire
1583 3864 1703 3903 non
1733 3843 2115 3915 verebantur;
2143 3857 2307 3904 erant
2335 3844 2588 3923 denique
2614 3844 2908 3904 veneficae
2933 3863 3000 3903 ac
3017 3843 3197 3926 Magi,
3222 3849 3337 3918 qui,
3367 3855 3431 3904 ut
3444 3841 3608 3924 Apu-

648 3968 796 4046 leius
831 3966 932 4043 ait,
965 3983 1021 4025 ce
1057 3971 1239 4023 bustis
1276 3980 1332 4021 ce
1365 3970 1519 4033 roge}
1557 3969 1828 4037 reliquiae
1864 3970 2149 4038 quaedam
2186 3977 2243 4020 et
2270 3970 2609 4020 cadaverum
2631 3969 3043 4035 praesegmina
3075 3970 3158 4020 ad
3178 3969 3492 4021 exiechhs'les
3522 3969 3608 4021 ω’-

648 4094 895 4148 ventium
918 4090 1201 4163 sor-cunas
1233 4090 1523 4158 petebant,
1570 4080 1781 4163 quibus
1814 4081 2052 4144 nefariis
2088 4080 2309 4143 artibus
2337 4101 2440 4143 eae
2467 4081 2900 4164 quodammodo
2929 4082 3290 4144 conveniunt
3317 4101 3463 4162 quae
3493 4081 3607 4144 b.l.

649 4216 1200 4271 commemorantur.
1255 4202 1546 4264 Omnibus
1572 4203 1731 4266 hisce
1759 4202 2010 4288 negotiis
2032 4215 2208 4285 poeta
2234 4223 2361 4265 sese
2388 4203 2529 4266 dicit
2555 4223 2630 4264 ne
2657 4202 2958 4265 minimum
2984 4202 3218 4285 quidem
3236 4202 3605 4284 acquisivisse

646 4327 877 4418 ᾶῖτεάἲ,
912 4305 1070 4409 quod
1100 4326 1338 4409 proprie
1364 4331 1470 4384 1011·
1488 4348 1680 4384 semen
1710 4336 1796 4386 est
1823 4337 1882 4385 et
1910 4324 2047 4385 dein
2076 4345 2184 4406 pro
2211 4345 2392 4385 numo
2420 4322 2711 4385 levissimo
2737 4335 3067 4404 usurpatur,
3094 4335 3160 4385 ut
3181 4310 3379 4401 emim·
3400 4345 3445 4385 s.
3472 4347 3608 4384 con-

654 4456 822 4506 chula
849 4445 1131 4525 (cowrie)
1172 4465 1360 4524 quam,
1381 4443 1587 4504 Schol.
1624 4443 1937 4504 substituit.
2015 4443 2276 4503 Protulit
2302 4442 2459 4502 bunc
2489 4464 2719 4503 versum
2747 4447 3045 4501 Ilalloedus
3073 4442 3133 4501 in
3158 4441 3396 4524 praefat.
3421 4442 3491 4502 ad
3519 4441 3606 4502 le-

657 4582 760 4645 ges
783 4562 1007 4623 Indicas
1033 4564 1119 4644 (p.
1137 4575 1225 4625 22.
1253 4581 1404 4624 vers.
1429 4565 1743 4645 german.),
1778 4560 2047 4621 ultimum
2085 4559 2414 4621 membrum
2440 4559 2671 4646 legens:
2703 4576 2838 4651 mg?
2867 4556 3014 4625 unffi
3042 4556 3303 4651 ᾶῖτίῗῦτ
3332 4577 3381 4625 ²1
3408 4576 3466 4626 ἱῐ
3495 4576 3609 4625 *ππ

656 4667 792 4766 ᾷῦῑῆ
822 4695 1019 4744 W
1046 4697 1141 4744 ῑῐεῐ
1175 4703 1200 4742 ιι
1284 4681 1503 4742 Ultima
1552 4678 1732 4742 verba
1773 4695 1974 4745 mmm
2010 4695 2107 4742 διε
2150 4678 2302 4741 Cod.
2317 4679 2395 4742 A.
2437 4701 2673 4762 quoque
2713 4680 2985 4763 praeben
3035 4679 3259 4759 reliqua
3282 4678 3605 4741 scribarum

659 4795 800 4855 vitia
825 4808 885 4857 et
906 4796 1262 4858 scholiorum
1288 4798 1599 4880 sphalmata
1626 4798 1848 4860 leviora
1878 4784 2226 4861 omittamus.

557 4919 613 4975 6.
660 4912 902 4975 Scholia
927 4913 990 4974 in
1016 4915 1171 4977 Cod.
1198 4917 1425 4994 desum,
1452 4917 1512 4976 in
1537 4917 1694 4977 Edit.
1723 4916 1818 4978 Sr.
1846 4928 2130 4998 prostant.
2207 4918 2332 4979 Pro
2357 4913 2581 4997 trfflw
2603 4938 2803 4999 propr.
2827 4924 3040 4982 laesus.
3058 4931 3193 5007 gu
3213 4911 3390 5006 HQ
3409 4931 3519 4981 m
3539 4931 3606 4979 R:
