4126 5595
397 601 411 615 ‚
521 516 638 604 94
1421 526 2063 591 BnAn'rmnAms
2123 528 2681 595 sumamma.

528 723 654 801 77.
709 683 1017 797 Non're
1067 741 1236 795 vera
1283 714 1457 790 luna
1511 730 1620 788 est
1666 713 1792 787 illa
1828 714 2076 810 facies,
2131 739 2377 818 neque
2409 715 2784 791 nelumbia
2818 718 2994 794 bina
3028 720 3338 797 mobiles
3376 723 3577 800 oculi

572 887 583 897 ·
640 882 648 892 ·
714 871 913 951 sunt3
966 856 1122 930 non
1173 878 1261 927 ex
1312 876 1490 925 auro
1543 849 1816 925 factum
1867 851 2133 953 gracile
2184 849 2372 926 illud
2425 845 2721 957 corpus,
2780 859 3108 958 quamvis
3159 862 3263 933 sic
3311 885 3354 933 a
3392 885 3575 963 poe·

714 997 806 1070 tis
884 1007 1155 1066 mentes
1232 987 1742 1062 obscurentur.
1862 987 2140 1063 Verum
2207 991 2343 1062 etsi
2374 1009 2380 1016 ·
2408 987 2770 1091 dignoscit
2829 991 3133 1067 stultum
3195 993 3579 1070 hominum

718 1152 978 1230 genus,
1046 1147 1314 1224 corpus
1376 1138 1625 1196 tamen
1686 1120 2021 1196 hinnulei
2085 1120 2315 1197 oculis
2380 1122 2875 1226 praeditarum
2936 1127 3155 1221 colit,
3228 1153 3317 1204 ex
3369 1146 3571 1221 cute,

719 1286 932 1338 carne
985 1274 1059 1336 et
1111 1260 1393 1335 ossibus
1446 1274 1814 1334 constans.

541 1403 662 1481 78.
720 1398 1319 1514 Suavissimarum
1369 1397 1784 1502 puellarum
1834 1399 2123 1473 innatae
2173 1413 2585 1475 venustates
2637 1398 2808 1476 illae
2858 1401 3063 1479 stulti
3112 1400 3579 1502 solummodo

678 1574 681 1577 ·
719 1542 1042 1616 animum
1093 1538 1452 1632 alliciunt,
1509 1564 1679 1613 nam
1729 1538 1860 1611 ubi
1892 1534 2369 1643 Nymphaeae
2419 1536 2736 1633 rubedo,
2790 1557 3049 1617 natura
3099 1567 3227 1618 sua
3274 1541 3580 1646 pulchra

629 1749 638 1765 ,
717 1692 1018 1782 apparet
1066 1679 1170 1750 ibi
1227 1701 1529 1778 quoque
1579 1701 1757 1779 prae
1808 1673 2187 1776 voluptate
2239 1673 2536 1751 advolat
2584 1678 2765 1778 apis.

536 1818 660 1893 79.
712 1811 913 1890 Illud
973 1815 1250 1914 ipsum,
1312 1809 1515 1912 quod
1568 1810 1833 1913 plenae
1896 1808 2114 1883 lunae
2155 1806 2637 1911 *splendorem
2689 1826 3018 1914 superat,
3087 1811 3591 1915 pulcherrima¹

585 1979 593 1988 ·
718 1949 953 2026 forma
1005 1950 1346 2023 eximium
1398 1946 1612 2021 faciei
1654 1945 2110 2020 nelumbium
2163 1945 2444 2045 gracilis
2494 1946 2815 2048 puellae3
2870 1949 2975 2020 ibi
3009 1973 3179 2026 sane
3214 1949 3581 2023 labiorum

720 2084 868 2185 mel
927 2082 1243 2158 habitat:
1317 2099 1428 2158 ast
1477 2078 1660 2156 illud
1729 2084 2034 2173 interea,
2101 2095 2436 2184 tempore
2500 2080 2646 2155 hoc
2713 2086 3146 2184 praeterito,
3215 2110 3583 2162 venenum

719 2224 855 2294 erit
895 2220 1289 2293 infaustum
1339 2233 1412 2292 et
1445 2221 1944 2316 maximopere
1990 2212 2396 2316 insipidum
2427 2215 2656 2293 veluti
2693 2215 3249 2319 Colocynthidis
3288 2220 3581 2294 fructus.

541 2361 663 2427 80.
721 2352 1319 2427 Tremulantibus
1381 2350 1595 2451 plicis
1659 2346 1891 2421 undas
1948 2363 2483 2447 repraesentat,
2556 2348 3042 2448 praegrandes
3096 2367 3170 2422 et
3220 2367 3583 2424 tumentes

723 2498 1077 2557 mammae
1150 2498 1395 2555 anates
1470 2483 1689 2554 binae
1753 2496 2083 2554 natantes
2144 2478 2526 2570 videntur,
2608 2483 2757 2553 oris
2822 2478 3142 2581 denique
3205 2482 3588 2555 nelumbio

729 2617 1119 2695 efflorescit
1165 2616 1441 2720 puella,
1497 2614 1707 2692 alveo
1757 2613 2014 2689 fluenti
2066 2614 2319 2689 similis
2370 2614 2498 2688 illa
2550 2630 2624 2689 et
2677 2614 3109 2691 omnimodo
3143 2615 3581 2720 periculosa:

732 2753 1000 2865 quodsi
1049 2756 1125 2859 (a
1157 2755 1400 2854 vobis)
1452 2779 1606 2830 non
1658 2755 1950 2859 cupitur
1983 2755 2351 2831 immersio
2387 2755 2465 2830 in
2500 2751 2753 2829 mundi
2793 2779 3101 2850 oceano,
3157 2770 3335 2833 tunc
3369 2780 3588 2860 quam

727 2897 1145 3001 longissime
1197 2892 1712 2997 aufugiendum
1766 2908 1900 2968 est.

549 3040 673 3108 81.
732 3030 1320 3109 Confabulantur
1383 3055 1552 3103 cum
1613 3028 1795 3118 alin,
1865 3026 2277 3129 adspiciunt
2336 3027 2560 3101 alium
2623 3027 2995 3120 infideles,
3070 3044 3339 3132 mente
3365 3030 3586 3104 alium

732 3170 1074 3266 cogitant:
1135 3167 1298 3264 quis
1353 3186 1623 3262 quaeso
1676 3160 2018 3233 mulieres
2071 3159 2299 3234 amet?

547 3306 672 3377 82.
726 3297 883 3375 Mel
944 3300 1182 3372 existit
1244 3300 1323 3370 in
1381 3320 1565 3372 voce
1629 3294 2057 3386 mulierum,
2142 3295 2244 3368 fel
2316 3310 2559 3369 autem
2619 3298 2698 3370 in
2762 3295 2986 3372 corde
3047 3295 3588 3392 tantummod03

727 3432 914 3510 illud
970 3432 1268 3536 quidem
1319 3432 1598 3506 labium
1651 3433 1909 3524 ebibit,
1968 3457 2100 3506 cor
2150 3435 2411 3533 pugnis
2460 3432 2802 3534 profecto
2854 3438 3288 3536 percutitur.

508 3583 670 3651 ’83.
723 3572 991 3676 Effuge
1056 3574 1286 3646 amice
1351 3595 1571 3673 quam
1644 3568 2063 3671 longissime
2131 3593 2172 3642 a
2236 3566 2540 3642 muliere
2603 3584 2686 3643 ut
2746 3585 3123 3674 serpente,
3204 3570 3587 3647 oculorum

729 3710 892 3787 telis
926 3712 1167 3809 ignem
1206 3705 1673 3797 accendente,
1729 3720 1984 3779 natura
2036 3729 2164 3778 sua
2196 3717 2559 3781 venenum
2610 3707 3035 3806 praebente,
3096 3722 3166 3780 et
3208 3706 3589 3781 illecebras

732 3841 959 3921 veluti
1011 3844 1299 3915 cristam
1351 3836 1833 3942 expandente:
1894 3864 1935 3910 a
1982 3863 2154 3912 vera
2201 3835 2452 3939 aspide
2494 3842 2718 3911 morsi
2761 3836 3309 3912 medicamentis
3356 3843 3592 3913 sanari

730 3992 1067 4082 possunt,
1123 3975 1550 4076 relinquunt
1593 3989 1835 4047 autem
1867 3974 2356 4047 incantatores
2398 3969 2777 4045 hominem
2819 3995 2956 4074 per
2989 3971 3266 4046 fallacis
3298 3973 3591 4074 puellae

729 4111 1186 4216 voluptatem
1239 4127 1556 4214 captum.

554 4255 678 4329 84.
730 4248 948 4344 Rete,
1007 4274 1048 4323 a
1098 4248 1525 4324 mulieribus
1577 4244 2155 4339 denominatum,
2213 4260 2590 4321 extensum
2640 4260 2750 4321 est
2794 4244 2886 4319 ab
2918 4244 3195 4321 Amore
3227 4248 3592 4349 piscatore

734 4388 886 4462 illic
936 4389 1013 4460 in
1062 4411 1307 4459 rerum
1357 4400 1656 4459 naturae
1709 4407 2017 4474 ocean0,
2089 4407 2240 4483 quo
2292 4383 2536 4455 subito
2587 4382 3008 4456 mortalium
3055 4385 3318 4484 pisces,
3375 4385 3452 4457 in
3500 4383 3591 4458 il·

735 4519 972 4594 larum
1030 4518 1226 4592 labia
1286 4533 1637 4619 tanquam
1700 4542 1938 4592 escam
1998 4515 2451 4607 invehentes,
2521 4514 2833 4589 extrahit
2896 4530 2971 4589 et
3020 4512 3378 4616 cupidinis
3426 4518 3593 4616 igne

741 4655 1164 4753 concoquit.

556 4790 682 4862 85.
737 4786 829 4860 In
861 4785 1154 4889 puellae
1188 4786 1518 4886 corporis
1553 4783 1778 4887 sylva,
1820 4785 2149 4885 abruptis
2182 4784 2497 4857 uberum
2528 4782 2898 4856 montibus
2932 4786 3236 4873 munita,
3286 4804 3383 4856 ne
3416 4805 3591 4883 pro-

739 4918 967 4995 ficisci
998 4920 1180 4997 velis
1227 4944 1273 4992 o
1322 4942 1526 4992 mens
1561 4921 2054 5020 peregrinans:
2109 4918 2213 4993 ibi
2251 4921 2446 4994 enim
2477 4916 2755 4992 habitat
2785 4914 3177 5020 praedator
3210 4914 3539 5018 Cupido.
