4126 5595
1631 523 2069 589 CENTUMA
2124 523 2412 587 PmMA.
2603 490 2608 495 ’
3113 553 3122 560 -
3217 574 3222 579 .
3436 510 3543 599 91

565 747 582 768 .
679 712 809 788 diu
859 736 1041 802 non,
1114 710 1590 808 exstinguitur
1639 708 2028 782 mobilium
2082 680 2469 818 oculorum
2519 707 2817 847 nutibus
2874 685 3315 809 puellarum,
3381 698 3564 792 him

463 960 620 1060 '60.

490 1524 619 1601 5⁷.

489 1942 612 2013 58.

679 846 885 923 nulei
939 843 1168 920 oculis
1222 860 1669 919 ornatarum.

680 981 1039 1063 Sermone
1111 979 1624 1058 tantummodo
1705 977 2161 1072 doctorum,·
2208 990 2538 1082 quorum'
2585 976 2831 1081 lingua
2881 977 3265 1058 Vedorum
3340 981 3551 1064 dictis

679 1124 1012 1225 crepitat,
1083 1122 1317 1222 agitur
1374 1118 1702 1194 historia.
1787 1119 2261 1193 concubitum
2331 1141 2485 1191 esse
2546 1113 2924 1192 vitandum
2989 1114 3303 1216 docen83
3385 1126 3550 1228 quis

680 1261 876 1331 enim
939 1283 1297 1358 unquam.
1326 1256 1745 1356 relinquere
1806 1270 2063 1366 potest
2115 1252 2636 1327 lotioeularum
2697 1253 3111 1405 puellarum
3160 1259 3542 1358 gremium,

677 1391 972 1491 cingulo
1024 1393 1263 1464 rubris
1317 1394 1616 1490 gemmis
1665 1389 1978 1477 bullato,
2039 1385 2416 1460 ornatum?

645 1524 931 1603 ‚Semet
989 1529 1230 1629 ipsum
1291 1526 1622 1628 aliosque
1687 1520 1962 1626 decipit
2009 1524 2349 1623 magister
2410 1520 2546 1596 iste
2601 1521 2731 1624 qui
2776 1523 3092 1625 virgines
3143 1528 3548 1605 contemnit

676 1679 1023 1769 tanquam
1085 1665 1386 1738 crimen:
1458 1664 1731 1737 etenim
1793 1658 2207 1737 devotionis
2270 1658 2551 1735 fructus
2601 1673 2713 1735 est
2768 1657 3175 1764 paradisus,
3229 1661 3546 1767 paradisi

674 1817 920 1878 autem
966 1799 1399 1904 Apsarasae.

672 1939 954 2016 Heroes
1021 1936 1322 2042 quidam
1383 1932 1863 2011 furibundum
1946 1933 2414 2037 elephantem
2477 1937 2556 2009 in
2618 1922 2888 2011 terram
2952 1934 3363 2041 deprimere
3425 1941 3546 2020 vel

672 2078 891 2149 etiam
940 2074 1237 2149 leonem
1289 2076 1554 2145 iratum
1596 2068 1933 2145 occidere
1966 2069 2237 2146 valent:
2297 2065 2668 2170 equidem'
2693 2087 2937 2146 autem
2985 2051 3172 2175 puto
3219 2099 3538 2181 perpau-

674 2236 802 2286 cos
854 2237 1009 2286 csse
1058 2213 1254 2286 inter
1303 2208 1738 2285 fortissimos
1787 2205 2124 2282 homines
2180 2207 2308 2311 qui
2348 2203 2732 2311 Cupidinis
2782 2207 3109 2286 furorem
3153 2207 3539 2295 devincere

576 2412 582 2417 ,
676 2364 974 2450 queant.
1042 2411 1051 2426 .

491 2486 618 2558 59.

487 3166 611 3240 60.

485 3438 610 3511 61.

485 3848 611 3919 62.

487 4385 610 4459 63.

673 2481 905 2558 Recta
963 2485 1074 2559 via
1135 2479 1416 2556 tamdiu
1479 2479 1755 2557 incedit
1802 2483 1916 2558 vir
1965 2496 2187 2584 atque
2247 2479 2528 2556 tamdiu
2578 2483 2908 2558 sensibus
2959 2484 3298 2588 imperat3
3350 2504 3533 2563 tam·

673 2616 802 2691 diu
837 2616 1351 2705 verecundiam
1403 2631 1784 2691 conservat
1825 2612 2410 2716 modestiamque
2443 2614 2724 2688 tamdiu
2758 2620 3222 2712 nanciscitur,
3281 2646 3534 2722 quam-

672 2749 802 2825 diu
862 2750 1073 2827 cordi
1133 2777 1289 2825 non
1338 2751 1764 2852 infliguntur
1821 2747 2296 2851 pulchrarum
2348 2748 2474 2822 illa
2527 2748 2913 2851 adspectus
2962 2734 3169 2844 tela,
3210 2778 3398 2854 quae
3449 2779 3540 2831 ex

669 2889 959 2961 intenso
1011 2886 1572 2990 superciliorum
1625 2912 1825 2979 arcu,
1883 2881 1976 2959 ad
2019 2909 2270 2959 aurem
2319 2910 2557 2989 usque
2608 2883 2985 2996 tendente,
3045 2884 3532 2987 dimittuntur,

674 3051 863 3129 quae
913 3027 1134 3129 nigris
1183 3024 1558 3131 palpebris
1608 3027 1983 3119 instructa,
2043 3026 2526 3100 constantiam
2575 3027 2894 3130 rapiunt.

667 3163 827 3239 Nec
890 3164 1108 3240 valet·
1158 3168 1416 3267 utique
1491 3166 1649 3266 ipse
1710 3162 2027 3235 Brahma
2091 3164 2376 3236 irritum
2441 3161 2681 3237 facere
2756 3160 2833 3236 id
2915 3163 3120 3266 quod
3194 3166 3537 3246 mulieres

666 3316 952 3376 tentant
1003 3303 1232 3374 insani
1286 3302 1552 3373 amoris
1606 3300 1906 3373 artibus.

669 3435 989 3509 Tamdiu
1039 3433 1426 3526 celsitudO,
1487 3430 1847 3524 doctrina,
1916 3434 2025 3506 rei
2075 3433 2444 3507 familiaris
2496 3431 3021 3510 administratio
3075 3452 3149 3511 ct
3181 3434 3533 3515 discrimi-

667 3575 868 3647 natio
920 3586 1168 3646 manet
1220 3567 1572 3673 quamdiu
1622 3594 1779 3643 non
1826 3570 1976 3642 urit
2023 3550 2119 3642 'in
2172 3571 2502 3672 quinque
2552 3570 2899 3645 membris
2948 3569 3239 3673 flamma
3287 3592 3533 3656 mente

667 3724 1050 3811 concepta.
1245 3716 1258 3719 “

667 3844 809 3920 Vel
858 3845 1015 3944 ipse
1061 3841 1479 3950 Sastrorum
1529 3868 1821 3944 gnarus,
1877 3841 2290 3915 humilitate
2336 3845 2632 3943 insignis
2682 3858 2755 3917 et
2799 3861 3030 3918 semet
3076 3847 3315 3948 ipsum
3363 3873 3532 3951 per·

669 3979 860 4053 fecte
911 4001 1250 4068 noscens,
1315 3979 1674 4050 rarissime
1724 3978 1805 4048 in
1851 3974 1999 4049 hoc
2050 3974 2330 4049 mundo
2381 3976 2920 4052 vasculum-est
2965 3980 3530 4078 perfectissimo-

668 4137 871 4199 rum,
944 4114 1116 4209 quia
1181 4108 1859 4210 pulchriocularum
1909 4132 2200 4210 semper
2248 4110 2663 4183 incurvatus
2718 4111 2925 4210 quasi
2976 4112 3536 4211 superciliorum

667 4269 874 4320 arcus
926 4246 1249 4318 intentus
1302 4258 1412 4318 est
1465 4245 1594 4346 qui
1645 4240 1738 4316 ad
1789 4242 2055 4318 inferni
2108 4244 2311 4318 urbis
2362 4258 2612 4347 portas
2661 4242 3025 4347 perducit.
3089 4226 3096 4231 ³

671 4380 893 4459 Canis
947 4407 1213 4475 macer,
1273 4406 1562 4474 coecus,
1622 4377 1950 4473 claudus,
2007 4377 2294 4475 surdus,
2353 4379 2580 4456 cauda
2633 4380 3027 4474 mutilatus,
3083 4381 3530 4480 vulneratus,

670 4518 1136 4624 purulentus,
1193 4519 1593 4594 innumeris
1644 4518 2057 4596 vermiculis
2106 4535 2449 4623 opertum
2495 4545 2762 4624 corpus
2811 4516 3118 4613 habens,
3175 4517 3368 4596 fame
3413 4548 3539 4600 ve·

674 4670 917 4749 xatus,
990 4653 1298 4731 detritus
1361 4672 1582 4758 atque
1646 4671 1844 4750 exta,
1922 4658 2002 4731 in
2061 4655 2441 4761 turpidum
2501 4683 2625 4734 vas
2680 4657 3069 4759 coniecta,
3151 4652 3538 4754 devorans;

680 4793 842 4869 talis
893 4791 1369 4867 nihilominus
1420 4808 1736 4868 sectatur
1785 4792 2124 4870 catulam:
2184 4797 2504 4869 occisum
2549 4790 2672 4869 vel
2723 4794 2965 4893 ipsum
3015 4793 3237 4894 magis
3277 4792 3545 4870 occidit

674 4926 932 5004 Amor.

2806 5068 2834 5134 1
2854 5069 2942 5134 2*
