4126 5595
516 538 784 603 xxvm
1786 530 2295 603 PRAEFATIO.

523 743 852 833 spectare
904 742 979 800 et
1030 748 1121 798 eo
1174 716 1477 797 tendere
1526 734 1613 796 ut
1661 745 1954 796 sensum
2005 740 2263 800 eruant
2310 724 2646 830 locisque
2686 729 3072 824 similibus,
3130 697 3249 810 vel
3289 730 3587 809 aliunde

529 890 619 940 ex
669 866 975 937 aliarum
1027 865 1349 962 gentium
1397 863 1608 960 poesi
1658 864 1906 960 petitis
1939 861 2436 955 confirment,
2509 869 3059 966 quaestionibus
3111 873 3591 970 grammaticis

527 997 1122 1085 intricatioribus,
1185 1017 1371 1094 quae
1422 996 1663 1065 minus
1715 998 2154 1085 arriserunt,
2199 1001 2507 1089 omissis,
2565 998 2799 1073 libere
2849 1001 3251 1101 profiteor:
3324 999 3594 1102 quodsi

529 1133 749 1231 igitur
793 1127 1131 1203 Paninim
1181 1125 1554 1227 vapulare.
1581 1125 2157 1203 animadvertant
2206 1134 2804 1233 perspicaciores»,
2861 1131 2935 1205 id
2993 1131 3197 1235 quod
3250 1159 3421 1208 raro
3475 1159 3591 1208 ac·

531 1263 788 1340 cidisse
839 1263 1019 1337 mihi
1070 1287 1319 1366 spero,
1377 1257 1451 1345 id
1488 1259 1750 1344 studio¹
1786 1287 1955 1344 meo
2006 1264 2335 1343 tribuant
2383 1267 2605 1341 velim
2659 1293 2809 1370 quo
2862 1271 2942 1343 in
2991 1295 3236 1344 mores
3271 1285 3347 1342 et
3380 1271 3586 1342 insti-

528 1418 685 1477 tuta
734 1399 1194 1504 populorum
1245 1422 1543 1502 semper¹
1584 1400 1818 1500 agitur
1869 1402 2178 1477 animus.
2270 1400 2537 1504 Neque
2586 1419 2834 1478 tamen
2888 1407 3350 1506 quaestiones
3404 1429 3592 1507 quae

536 1537 626 1617 ad
681 1542 899 1617 crisin
950 1541 1349 1643 pertinent,
1409 1539 1714 1612 omnino
1769 1533 2228 1619 desiderabit,
2257 1536 2519 1617 lector:
2580 1544 2658 1616 in
2701 1541 3189 1620 Bhartriharis
3223 1546 3598 1620 sententiis

538 1675 834 1753 codices
861 1731 868 1734 -
884 1680 1255 1780 principes
1304 1676 1372 1749 A
1429 1692 1521 1760 ct
1551 1674 1612 1750 B
1664 1680 2154 1778 praecetcris
2207 1682 2436 1752 secuti
2487 1705 2733 1753 sumus
2788 1679 3115 1781 quidem,
3186 1681 3316 1756 scd
3367 1685 3597 1757 varias

539 1814 869 1909 aliorum·
914 1809 1252 1888 codicum
1300 1811 1679 1889 lectiones,
1708 1815 1810 1891 in,
1838 1838 2135 1897 censum
2190 1818 3002 1918 quoque-vocavimus3
3085 1816 3343 1891 calami
3395 1842 3597 1893 erro·

539 1978 659 2034 res,
713 1976 893 2029 vero
959 1967 1034 2026 et
1096 1950 1528 2051 farraginem
1597 1947 1883 2037 exinde,
1923 1967 2209 2026 enatam
2271 1951 2711 2045 lectionum,
2786 1979 2964 2055 quas
3024 1956 3148 2029 vix
3215 1952 3412 2028 dicas
3474 1980 3598 2030 va·

539 2093 834 2182 riantes,
908 2091 1212 2161 omnino
1278 2089 1680 2160 omisimus.
1802 2087 1918 2159 Ex
1982 2087 2279 2161 scholiis
2342 2092 2422 2161 in
2484 2089 3015 2164 Bhartriharim
3084 2094 3330 2164 omnia
3400 2088 3602 2165 dele·-

540 2229 773 2328 gimus
850 2248 1039 2326 quae
1115 2223 1519 2296 necessaria
1583 2218 2026 2297 videbantur
2087 2220 2179 2295 ad
2241 2221 2493 2296 locum
2556 2225 2879 2325 aliquem
2943 2227 3447 2314 obscuriorem
3514 2226 3603 2300 il-

539 2356 999 2436 lustrandum
1078 2374 1301 2456 atque
1375 2354 1466 2430 ad
1545 2381 1838 2429 sensum
1903 2354 2477 2450 enucleandum;
2560 2374 2730 2432 sunt
2797 2357 3096 2458 quidem
3158 2361 3606 2462 simpliciora

541 2493 669 2570 illa
731 2508 805 2566 et
869 2513 1397 2592 saepenumero
1462 2488 1620 2562 aliis
1650 2489 2194 2580 ‚tantummodo
2256 2491 2635 2565 vocabulis
2696 2493 3194 2566 usitatioribus
3256 2519 3415 2567 rem
3468 2497 3606 2567 cir·

546 2627 1080 2731 cumscribunt,
1156 2650 1377 2727 quam
1442 2625 1542 2696 ob
1607 2648 1895 2698 causam
1958 2619 2380 2716 auctorem,
2442 2629 2646 2699 cuius
2695 2650 2972 2701 nomen
3039 2631 3328 2727 ignorO,
3397 2643 3607 2702 vetu-

544 2766 849 2842 stiorem
917 2788 1137 2866 quam
1187 2759 1731 2853 Mallinxithum¹
1764 2759 2095 2864 aliosque
2145 2759 2633 2865 prolixiorum
2682 2766 3376 2837 commentariorum
3428 2765 3603 2837 scri·

545 2918 800 3005 ptores
848 2897 1272 2975 habendum
1321 2916 1536 3002 puto.

829 3036 963 3136 llis
1026 3037 1248 3108 rebus
1308 3034 1661 3108 absolutis
1722 3061 1976 3126 unum,
2051 3034 2257 3136 quod
2310 3062 2519 3137 aegre
2569 3052 2819 3137 tango,
2877 3036 3189 3111 lectores
3246 3034 3608 3138 quosdam

552 3187 626 3276 et
675 3169 856 3244 mihi
911 3159 1210 3271 quidem
1262 3173 1760 3260 amicissimos,
1821 3167 2233 3255 desiderare
2284 3170 2530 3262 video,
2599 3187 2711 3261 ut,
2772 3170 3394 3273 quemadmodum
3446 3196 3610 3244 mos

549 3306 881 3399 invaluit,
954 3302 1047 3380 de
1113 3302 1534 3408 separandis
1583 3303 1963 3381 vocabulis
2015 3304 2432 3407 euphonice
2485 3320 2767 3379 tantum
2819 3305 3335 3407 conglutinatis
3386 3308 3610 3381 ratio-

549 3471 721 3522 nem
780 3441 1110 3520 reddam.
1215 3442 1395 3519 Duo
1454 3445 1919 3547 potissimum
1968 3460 2164 3534 sunt,
2240 3445 2299 3517 si
2348 3459 2672 3520 veterem
2719 3441 3078 3519 Indorum
3129 3444 3445 3549 syllabas
3495 3468 3608 3519 se-

551 3580 860 3691 parandi
908 3587 1273 3659 rationem
1332 3579 1759 3675 deserimus,
1819 3579 2386 3685 orthographiae
2437 3607 2739 3683 genera:
2797 3598 2923 3657 aut
2974 3585 3199 3676 enim,
3260 3580 3463 3685 quod
3517 3579 3609 3657 ad

556 3727 932 3828 antiquam
993 3719 1195 3793 illam
1256 3723 1620 3794 rationem
1681 3722 2018 3820 proxime
2070 3717 2380 3809 accedit,
2438 3723 2785 3793 continua
2836 3723 3021 3794 serie
3073 3720 3404 3794 scribunt
3453 3718 3629 3809 alii,.

557 3872 682 3965 aut
743 3870 1023 3957 textum
1087 3857 1391 3956 ubique
1428 3870 1792 3971 separant,
1861 3852 1989 3928 sed
2042 3857 2141 3928 ita
2190 3870 2274 3928 ut
2325 3852 2643 3927 Sandhis
2696 3869 2985 3926 maneat
3034 3857 3304 3926 intacta
3356 3869 3430 3926 et
3480 3876 3611 3926 vo-

560 3988 826 4064 calium
890 3978 1110 4063 craris
1186 3986 1644 4091 apostraphis
1705 4001 2045 4078 notetur,
2131 4012 2319 4088 quae
2397 3983 2700 4088 quidem
2771 3987 3144 4087 posterior
3214 3984 3613 4059 clarissimo

558 4093 888 4226 mihique
964 4128 1401 4198 amicissimo
1460 4122 1760 4224 Boppio
1820 4119 2132 4196 debetur
2190 4124 2421 4196 ratio:
2492 4145 2669 4212 nos,
2736 4118 3170 4220 Schlegelii,
3238 4118 3607 4213 Lassenii,

560 4258 864 4335 Rosenii
916 4258 1378 4364 aliorumque
1444 4258 1859 4363 exemplum
1919 4258 2177 4350 secuti,
2244 4272 2630 4359 utramque
2688 4258 3047 4330 rationem
3099 4259 3198 4330 ita
3251 4255 3609 4358 quodam-

565 4394 791 4470 modo
844 4400 1349 4471 coniunximus
1398 4412 1485 4469 ut
1536 4421 1619 4470 ea
1668 4412 1978 4486 tantum,
2038 4420 2226 4495 quae
2276 4410 2532 4467 natura
2581 4390 2892 4492 disiungi
2924 4408 3345 4494 potuerant,
3403 4418 3613 4495 sepa·

564 4534 987 4621 raverimus3
1044 4534 1121 4602 in
1171 4530 1467 4604 scholiis
1519 4546 1762 4604 autem
1814 4556 1975 4604 eam
2023 4526 2392 4603 scribendi
2436 4528 2833 4618 licentiam,
2895 4551 3037 4628 qua
3070 4541 3377 4600 utuntur
3409 4551 3612 4600 com·

566 4680 1010 4741 mentatores
1060 4668 1226 4767 ipsi,
1281 4669 1738 4759 retinuimus,
1796 4664 2245 4769 synaloephe
2300 4680 2373 4738 et
2421 4663 2826 4739 litterarum
2877 4664 3395 4738 coniunctione
3439 4662 3611 4736 sub·

568 4800 742 4877 lata'
780 4817 1001 4905 atque
1055 4803 1229 4905 ipsis
1295 4801 1705 4906 euphoniae
1757 4801 2041 4905 legibus
2092 4799 2465 4904 neglectis.
