4126 5595
677 517 821 580 xlv
1943 512 2451 578 PRAEFATIO.

666 706 936 782 tentias
998 704 1098 776 ita
1162 702 1354 775 inter
1416 724 1517 774 se.
1554 713 1992 776 connectere
2053 717 2142 777 ut
2202 704 2800 808 inscriptionibus
2860 706 3399 814 responderent
3464 718 3737 823 cuique

670 839 931 918 decadi
994 842 1377 943 impositis.
1483 836 1974 940 Distinguitur
2040 844 2238 915 enim
2304 846 2630 918 centuria
2698 849 2994 946 quaevis
3052 851 3133 923 in
3186 846 3443 927 decem
3494 859 3734 958 capita

669 981 958 1053 minora
1021 979 1169 1050 suis
1222 999 1556 1076 quaeque
1609 975 1838 1048 titulis
1904 978 2277 1077 inscripta,
2363 991 2620 1052 contra
2673 1006 2893 1080 quam
2946 980 3491 1060 distinctionem
3540 987 3734 1064 liber

671 1109 767 1184 de
803 1109 1172 1184 amoribus
1223 1113 1302 1180 in
1353 1132 1445 1181 eo
1481 1122 1768 1182 tantum
1799 1124 2103 1210 pugnat,
2164 1108 2367 1210 quod
2404 1108 2764 1185 decadem·
2788 1138 2942 1188 non
2976 1121 3289 1193 servavit
3321 1119 3451 1194 sed
3489 1125 3729 1222 capita

665 1245 834 1350 plus
883 1245 1075 1318 ultra
1127 1241 1385 1318 decem
1434 1254 1681 1318 v'ersus
1731 1243 2225 1346 prolongavit,
2283 1243 2652 1319 interdum
2703 1273 2909 1342 vero,
2964 1267 3050 1325 ut
3096 1254 3174 1326 in
3206 1266 3726 1356 tempestatum

666 1377 1195 1484 descriptione,
1257 1381 1447 1452 intra
1510 1377 1710 1454 hunc
1776 1404 2164 1453 numerum
2219 1405 2298 1454 se
2350 1378 2690 1458 detinuit.
2798 1383 2890 1458 In
2938 1383 3083 1462 Ed.
3142 1386 3325 1465 Srir.
3384 1390 3724 1469 lemmata

663 1492 942 1597 ibidem
1017 1521 1481 1624 reperiuntur
1551 1518 1683 1592 ubi
1753 1520 1833 1605 in
1902 1514 2098 1595 Cod.
2155 1518 2265 1614 A,
2336 1545 2558 1624 quem
2623 1524 2702 1598 in
2766 1520 3108 1628 Sringara
3172 1531 3505 1634 sequitur
3566 1531 3718 1628 illa,

661 1673 1025 1762 prostant,
1082 1661 1182 1732 ita
1213 1673 1298 1733 ut
1346 1660 1424 1731 in
1459 1655 1606 1731 hoc
1639 1655 1836 1732 libro
1872 1683 2011 1733 nec
2045 1655 2473 1732 mutandum
2510 1676 2697 1734 esset
2733 1664 3155 1765 quicquam,
3216 1693 3463 1769 neque
3500 1666 3717 1762 ordo,

665 1820 886 1899 quem
941 1791 1135 1871 Cod.
1174 1793 1237 1868 B
1280 1812 1685 1897 perperam
1719 1793 2154 1887 observavit,
2213 1792 2603 1871 notandus.
2680 1797 2788 1905 ‚In
2844 1796 3038 1873 libro
3093 1816 3337 1877 tamen
3388 1802 3717 1880 secundo

662 1932 904 2011 editio'
926 1934 1440 2037 inscriptiones
1484 1956 1784 2035 prorsus
1821 1933 2089 2025 omisit,
2149 1946 2222 2007 et
2253 1947 2453 2007 recte
2490 1930 2816 2037 quidem,
2869 1951 3387 2040 portentosum
3435 1966 3477 2016 e
3515 1938 3713 2018 Cod.

657 2073 724 2150 B
763 2090 839 2151 et
872 2070 1318 2177 Tayloriano
1373 2068 1711 2143 ordinem
1760 2086 2033 2160 secuta3
2092 2073 2168 2142 in
2219 2075 2437 2144 tertio
2491 2069 2786 2146 deinum
2821 2072 3016 2149 libro
3052 2074 3198 2151 huc
3232 2077 3411 2152 illuc
3444 2078 3714 2154 adscri-

655 2213 806 2316 psit
854 2209 1222 2299 lemmata,
1289 2202 1381 2279 ad
1439 2202 1633 2280 Cod.
1686 2203 1759 2278 A
1809 2201 2057 2277 denuo
2110 2228 2520 2296 recurrens,
2592 2210 2690 2280 ita
2742 2224 2986 2285 tamen
3046 2227 3128 2288 ut
3191 2216 3445 2291 nimiis
3496 2241 3715 2320 saepe

653 2348 1090 2446 interspersa
1141 2345 1234 2416 sit
1284 2342 1640 2415 sententia
1694 2363 1880 2439 quae
1934 2365 2103 2411 cum
2154 2338 2373 2412 titulo
2423 2339 2636 2412 nullo
2691 2339 2919 2415 modo
2965 2346 3391 2422 concordet.
3499 2349 3715 2441 Quae

655 2478 903 2553 omnia
980 2479 1210 2575 quum
1291 2476 1390 2544 ita
1470 2475 1652 2561 sint,
1736 2473 1970 2570 capita
2047 2473 2128 2543 in
2189 2469 2387 2544 hisce
2437 2471 2647 2544 libris
2724 2477 3009 2547 minora
3073 2473 3167 2549 ad
3235 2502 3529 2551 sensum
3605 2483 3714 2553 in·

653 2607 1173 2715 scriptionibus
1223 2603 1623 2679 indicatum
1670 2599 1901 2704 redigi
1942 2601 2339 2696 debebant,
2396 2629 2651 2680 versus
2686 2605 3052 2680 interdum
3088 2609 3705 2712 transponendus,

653 2743 1024 2836 interdum
1069 2738 1624 2847 transfigendus,
1689 2764 1908 2843 saepe
1961 2743 2180 2815 etiam
2233 2764 2321 2814 ex
2373 2740 2521 2815 alio
2573 2741 2775 2833 loco,
2836 2746 3017 2845 quin
3067 2746 3218 2820 imo
3262 2769 3351 2821 ex
3384 2746 3712 2823 secundo

650 2886 850 2961 libro
913 2888 993 2960 in
1052 2886 1351 2959 tertium
1412 2876 1981 2970 transferendus,
2055 2875 2145 2952 ad
2210 2904 2433 2981 quam
2492 2904 2654 2954 rem
2712 2907 2979 2983 magno
3042 2907 3213 2957 sane
3278 2881 3706 2961 adiumento

651 3023 793 3098 suit
839 3022 1082 3097 versio
1132 3018 1459 3120 Rogerii.
1565 3015 1758 3090 Nam
1809 3018 1947 3089 etsi
2013 3014 2221 3106 haec,
2290 3018 2368 3090 in
2431 3016 2733 3117 singulis
2799 3019 2993 3091 iusto
3055 3016 3389 3113 liberior,
3456 3047 3709 3124 saepe-

651 3180 961 3233 numero
1021 3179 1117 3230 ne
1191 3180 1481 3228 sensum
1557 3148 1855 3253 quidem
1928 3166 2128 3223 recte
2191 3147 2659 3243 indicaverit,
2690 3184 2699 3193 ·
2729 3167 2976 3226 tamen
3036 3156 3113 3227 in
3178 3179 3269 3230 eo
3330 3171 3705 3258 praestan-

646 3294 919 3369 tissima
991 3292 1143 3366 visa
1224 3303 1369 3379 est,
1456 3283 1661 3389 quod
1738 3282 2048 3359 decades
2113 3286 2306 3359 bene
2374 3283 2701 3361 distinxit
2765 3303 2841 3361 et
2902 3286 3269 3365 distichon
3332 3289 3709 3394 quoddam

648 3432 988 3505 omittere
1034 3428 1284 3530 potius
1335 3423 1590 3499 maluit
1642 3447 1863 3525 quam
1927 3423 2194 3497 seriem
2250 3424 2549 3498 turbare
2609 3427 3023 3525 genuinam.
3135 3427 3225 3502 In
3292 3423 3703 3531 digerendis

646 3583 891 3644 autem
938 3564 1088 3639 hoc
1138 3559 1366 3637 modo
1417 3563 1792 3638 sententiis
1846 3556 2100 3634 eadem
2153 3561 2320 3635 crisi
2372 3575 2594 3662 atque
2645 3562 2722 3635 in
2771 3562 3215 3638 variantibus
3259 3563 3701 3645 lectionibus

646 3729 819 3778 usus
869 3727 1058 3792 sum,
1127 3699 1405 3773 scilicet
1451 3713 1537 3771 ut
1581 3723 1873 3774 versum
1924 3724 2080 3771 non
2129 3699 2561 3799 reciperem,
2617 3700 2757 3771 nisi
2809 3695 2999 3773 duae
3050 3700 3306 3774 saltem
3356 3702 3477 3778 vel
3527 3702 3696 3805 plu-

648 3862 789 3912 res·
816 3833 1152 3911 adessent
1199 3836 1688 3922 auctoritates,
1750 3856 1939 3933 quae
1992 3858 2205 3906 suum
2241 3836 2507 3933 cuique
2551 3832 2803 3907 locum
2835 3830 3318 3934 adsignarent.
3405 3833 3697 3928 Quodsi

643 3970 872 4047 semel
928 3967 1050 4045 vel
1099 3970 1215 4044 bis
1265 3992 1544 4042 morem
1593 3966 1876 4042 huncce
1926 3966 2235 4043 violasse
2285 3963 2572 4058 videar,
2629 3970 2708 4040 in
2758 3969 2954 4040 notis
3004 3970 3325 4042 rationes
3368 3966 3685 4063 reddidi,

646 4107 913 4212 quibus
964 4107 1402 4207 argumentis
1453 4118 1861 4179 commotus
1897 4099 2242 4206 equidem
2293 4102 2558 4177 fuerim
2600 4104 2884 4176 ieiunae
2934 4100 3234 4178 alicuius
3285 4108 3689 4182 sententiae

643 4242 816 4318 loeo
880 4243 1312 4317 interserere
1374 4242 1772 4342 aptiorem:
1856 4236 2119 4313 ordine
2169 4241 2392 4329 enim,
2464 4235 2761 4340 qualem
2808 4235 3009 4313 Edit.
3069 4237 3389 4333 exhibet,
3460 4242 3688 4318 semel

646 4378 936 4454 turbato
958 4432 980 4469 ,
1058 4374 1245 4450 nibil
1318 4400 1490 4448 sane
1567 4374 1842 4449 referre
1911 4376 2269 4477 opinabar
2334 4371 2629 4476 qualem
2688 4398 2979 4449 versum
3041 4375 3280 4449 alteri·
3319 4394 3686 4479 expuncto

643 4513 1155 4588 substituerem
1207 4506 1611 4582 dummodo
1663 4509 1910 4583 locum
1953 4525 2177 4583 suum
2199 4524 2369 4612 apte
2403 4512 2593 4584 tueri
2626 4524 2899 4611 posset.
2989 4507 3106 4584 Ne
3140 4526 3384 4586 tamen
3416 4509 3681 4605 lector,

644 4646 969 4724 editione
1002 4642 1122 4722 Sr.
1168 4670 1455 4736 usurus,
1511 4648 1587 4718 in
1636 4643 1773 4720 hac
1822 4670 1904 4720 re
1957 4642 2223 4719 dubius
2273 4660 2587 4737 maneat,
2644 4643 2968 4720 tabulam
3019 4648 3096 4720 in
3145 4644 3293 4722 fine
3345 4647 3687 4749 opusculi

640 4782 876 4860 adieci
950 4785 1406 4887 synopticam
1472 4776 1786 4855 duorum
1850 4780 2239 4874 librorum,
2312 4784 2443 4885 qui
2521 4778 2612 4857 ad
2680 4777 3157 4857 distichorum
3230 4780 3568 4859 ordinem
3644 4811 3685 4861 a

637 4937 889 4998 nostra
939 4918 1266 4996 editione
1314 4922 1616 4994 omnino
1666 4916 2108 5021 discrepant,
2166 4944 2256 4994 ex
2302 4944 2447 5026 qua
2492 4918 2743 4994 tabula
2787 4919 3004 4994 simul
3055 4937 3363 5025 apparet
3404 4937 3683 4999 textum
