4126 5595
522 461 720 521 xxvl
967 551 983 562 ,
1795 452 2303 518 PRAEFATIO.

523 644 676 720 No.
714 650 840 718 33.
921 659 1188 735 exstat,
1271 643 1623 745 scriptura
1701 637 2252 745 devana'garica'
2292 658 2663 719 exaratum
2727 662 2800 721 et
2876 655 3402 726 commentario
3469 657 3582 727 in-

526 760 910 859 structum.
1017 780 1185 855 IIoc
1234 781 1375 854 sibi
1429 776 1811 883 descripsit
1860 783 2243 856 Lassenius
2305 807 2512 856 meus
2564 799 2638 857 et
2688 809 2978 859 mecum
3029 788 3175 860 iam
3228 805 3395 862 ante
3445 788 3588 864 hos
3627 793 3649 888 ξ,

532 921 862 1023 quinque
914 942 1143 990 annos
1198 914 1757 990 describendum
1807 916 2213 990 liberaliter
2264 892 2854 997 communicavit.
2943 920 3049 1006 At
3101 948 3331 1022 quum
3364 938 3589 997 tenue

531 1049 928 1127 admodum
985 1049 1356 1127 videretur
1415 1076 1746 1142 carmen,
1814 1051 2415 1150 neque,‘sorsitan
2465 1052 2881 1152 singulatim·
2928 1057 2989 1127 si
3042 1053 3411 1148 ederetur,
3479 1055 3587 1127 le·-

532 1200 772 1261 ctores
820 1201 1072 1288 posset
1124 1186 1417 1260 allicere
1438 1197 1484 1278 ;'
1518 1212 1747 1287 quum
1796 1187 2177 1287 praeterea
2221 1185 2597 1262 'ulceribus
2651 1186 3089 1290 quibusdam
3138 1191 3592 1293 gravioribus

529 1323 935 1417 laboraret,
1021 1318 1423 1398 editionem
1496 1320 1878 1426 hucusque
1957 1320 2275 1402 detinui:
2367 1327 2513 1400 iam
2583 1330 2762 1404 vero
2838 1352 2985 1402 una
3040 1354 3229 1402 cum
3292 1326 3590 1402 scholiis

530 1461 985 1542 Bbartrihari
1042 1459 1356 1538 adiicere
1405 1463 1640 1541 visum
1693 1468 1827 1557 cst,
1899 1466 2176 1568 quippe
2231 1461 2436 1567 quod
2489 1468 2567 1546 in
2618 1470 3021 1544 centuriam
3076 1466 3169 1543 dc
3220 1469 3594 1558 amoribus

535 1606 821 1706 egregie
872 1599 1436 1678 introductionis
1487 1604 1714 1676 instar
1761 1628 1915 1676 csse
1966 1606 2227 1704 possit,
2286 1600 2546 1676 iisdem
2593 1605 2875 1705 ubique
2912 1608 3347 1705 imaginibus
3380 1632 3595 1678 usum

535 1753 757 1840 atquc
829 1738 1244 1829 coloribus,
1305 1754 1494 1812 tum.
1545 1741 1802 1828 etiam,
1884 1740 2054 1838 quia
2119 1741 2722 1831 commentarius,
2804 1765 3037 1840 pauca
3089 1743 3160 1812 -si
3229 1742 3588 1841 excipias,

534 1876 966 1975 perspicuus
1044 1899 1130 1946 ac
1203 1872 1433 1946 facilis
1513 1870 1604 1946 ad
1671 1870 1942 1945 similes
2008 1875 2298 1946 serioris
2363 1876 2520 1948 aevi
2579 1889 2837 1975 poetas
2900 1873 3251 1976 legendos
3314 1870 3595 1947 aditum

536 2023 749 2110 paret
811 2024 886 2081 et
944 2033 1243 2108 magnae
1305 2009 1669 2080 tironibus
1725 2007 2022 2080 utilitati
2086 2007 2246 2081 sore
2311 2005 2628 2084 videtur.
2734 2009 3267 2112 Argumentum
3333 2010 3593 2084 carmi-

535 2146 650 2220 nis
703 2141 1070 2244 Ganapas‚
1142 2144 1648 2218 commentarii
1698 2157 1982 2233 auctor,
2051 2140 2253 2216 hunc
2304 2143 2459 2218 sere
2510 2148 2587 2216 in
2638 2144 2941 2218 modum
2992 2150 3277 2230 statuit:
3360 2144 3593 2219 Braih-

534 2303 834 2353 manum
884 2277 1255 2380 quendam
1305 2279 1526 2352 fuisse
1570 2279 1857 2353 Chauri
1897 2280 2229 2369 nominc,
2288 2278 2478 2351 sama
2527 2303 2666 2380 per
2718 2304 2974 2352 omncs
3007 2281 3342 2379 regiones
3375 2280 3599 2379 longe

534 2412 845 2515 lateque·
894 2412 1482 2503 celeberrimum,
1516 2464 1524 2475 .
1557 2415 1687 2513 qui
1747 2438 1914 2484 cum
1966 2414 2153 2512 regis
2206 2410 2579 2488 cuiusdam
2627 2412 2842 2504 filia„
2878 2439 3137 2514 magna
3186 2410 3598 2515 pulchritu-

541 2546 713 2621 dine
764 2550 1054 2648 insigni,
1113 2543 1603 2621 clandestinos
1655 2546 1942 2624 foveret
1991 2545 2297 2620 amores.
2383 2547 2605 2648 Regis
2636 2548 2974 2640 Sandari,
3031 2551 3110 2621 in
3160 2548 3345 2621 urbe
3393 2547 3595 2622 Kan-

542 2684 849 2788 chipura
911 2680 1365 2759 domicilium
1425 2688 1778 2779 tenentis,
1847 2682 2083 2757 filium
2145 2699 2442 2788 poetam
2505 2683 2726 2759 fuisse
2792 2683 2976 2759 aliae
3037 2662 3593 2760 addunt’tradi-

541 2828 809 2919 tiones,
869 2850 1056 2929 quac
1106 2828 1458 2928 virginem
1508 2824 1737 2918 illam,
1777 2822 2097 2929 Vidyfim
2130 2823 2570 2929 appellatam
2604 2826 2999 2925 (Γᾶηῐῑπῇ
3028 2821 3595 2930 ᾓΐὴῆὃοΒΟῙ.)

406 2940 419 2961 ’
543 2977 620 3037 et
692 2965 880 3063 regis
967 2965 1052 3038 V
1046 2962 1373 3053 ansmlu‘,
1476 2964 1554 3036 in
1631 2966 1929 3062 regione
2002 2959 2386 3051 Burdvan,
2479 2960 2710 3033 filiam
2752 2961 3002 3034 ÷simul
3074 2958 3590 3062 prodiderunt.

541 3094 800 3172 Puella
849 3122 1055 3187 vero,
1127 3124 1355 3196 quum
1408 3094 1848 3196 graviditatis
1899 3100 2099 3195 signa
2153 3096 2519 3168 occultare
2569 3094 2876 3169 ulterius
2928 3121 3083 3168 non
3131 3112 3450 3197 posset,·
3482 3121 3600 3169 res

542 3229 839 3307 tandem
901 3256 1040 3333 per
1105 3228 1470 3304 delatores
1534 3232 1895 3321 innotuit,
1977 3228 2305 3305 Chauras
2369 3232 2621 3329 igitur,
2692 3233 2881 3330 regis
2945 3232 3145 3302 iussu
3212 3246 3466 3332 captus
3529 3247 3603 3304 et

541 3394 680 3472 per
727 3367 1026 3442 lictores
1078 3365 1170 3442 ad
1222 3382 1537 3442 mortem
1590 3364 1880 3458 ductus,
1956 3367 2042 3442 ὥς
2091 3367 2169 3438 ἐκ
2218 3365 2300 3437 τῦ
2352 3365 2770 3473 παραχρῆμα
2817 3358 3031 3454 λέγων
3082 3363 3338 3469 gaudia
3387 3393 3601 3469 prae·

544 3507 756 3582 terita
835 3521 909 3579 et
983 3507 1256 3579 amicae
1332 3506 1759 3577 memoriam
1833 3527 1917 3576 ac
1989 3498 2623 3606 pulchritudinem
2688 3505 3212 3607 quinquaginta
3277 3500 3603 3579 distichis

547 3644 688 3716 sibi
757 3639 1240 3716 adumbravit.
1366 3639 1868 3714 Consu-matur
1940 3636 2496 3741 quodammodo
2562 3644 2881 3713 narratio
2948 3666 3162 3716 vorsu
3232 3645 3366 3730 49,
3449 3667 3601 3713 non

552 3792 825 3866 autem,
892 3791 977 3848 ut
1039 3772 1383 3876 equidem
1443 3777 1736 3864 sentiog·
1779 3777 2136 3875 repetitis·
2167 3799 2307 3875 per
2354 3789 2594 3847 totum
2646 3798 2938 3847 carmen
2985 3774 3238 3867 W&
3285 3774 3605 3847 vocabu·

549 3911 699 4002 lis,
749 3936 937 4012 quae
1001 3935 1148 3986 vox
1213 3935 1411 3984 mera
1478 3926 1624 4004 est,
1684 3926 1781 3985 ut
1841 3908 2253 3986 Scholiasta
2314 3909 2688 4014 loquitur,
2756 3903 3226 4021 ςζ-ζεξῃῃηῇ,
3265 3934 3442 4009 -qua
3508 3906 3601 3982 ad

549 4052 1013 4141 memoriam,
1083 4050 1434 4153 pristinae
1495 4047 1892 4153 voluptatis
1952 4044 2443 4126 revocandam
2508 4050 2794 4152 saepius
2853 4072 3100 4130 versus
3163 4045 3605 4123 inchoantur

553 4202 840 4291 poetae,
911 4213 1130 4289 quam
1189 4203 1432 4262 tamen
1496 4190 2059 4263 commentarius
2119 4212 2409 4298 semper
2459 4185 2775 4260 formula
2825 4182 3176 4291 τητηεπιῇ
3227 4200 3303 4259 ct
3350 4184 3603 4259 simili-

554 4326 693 4400 bus
744 4324 1084 4427 explicat.
1193 4323 1408 4419 Quae
1459 4350 1637 4403 vero
1690 4324 1971 4401 addunt
2019 4327 2503 4409 recentiores:
2570 4319 2897 4426 poetam,
2957 4320 3133 4395 dum
3185 4338 3596 4425 caperetur,

526 4462 788 4559 sun-m
851 4460 1183 4534 habitum
1245 4462 1464 4535 fuisse
1530 4478 1750 4565 atque
1814 4488 2063 4563 regem
2116 4461 2363 4554 illum,
2433 4464 2723 4535 somnio
2776 4484 2871 4533 ne
2937 4462 3290 4561 principis
3349 4474 3603 4532 natum

558 4595 928 4672 occideret
998 4601 1397 4690 monitum,
1480 4602 1620 4702 ipsi
1697 4602 2059 4702 ignovisse
2137 4616 2211 4673 et
2283 4600 2575 4701 nuptias
2651 4593 2822 4670 dein
2895 4594 3338 4686 celebrasse,
3421 4594 3606 4669 haec

560 4736 810 4809 omnia
875 4733 1277 4838 mythicum
1336 4739 1627 4838 sapiunt
1673 4735 2031 4812 Indorum
2082 4734 2499 4838 ingenium3
2576 4731 2865 4810 videtur
2915 4736 3112 4807 enim
3162 4758 3251 4807 cx
3304 4733 3607 4806 nomine
