4126 5595
573 570 689 662 82
1734 588 2056 653 anmu
2117 587 2487 657 camum.

582 790 707 858 40.
762 780 983 856 Illam
1041 777 1267 857 hodie
1331 773 1686 854 recordor
1744 781 2101 880 virginem
2158 779 2373 856 valde
2434 783 2717 873 iratam,
2784 781 3143 875 lacrimas,
3214 808 3402 885 quae
3464 811 3632 860 cum

770 916 1154 992 oculorum
1187 914 1496 1017 collyrio
1546 916 1938 1015 permistae
1973 912 2065 987 ad
2102 939 2352 988 aurem
2399 939 2636 1016 usque
2669 912 3115 1009 defluebant,
3173 917 3630 1013 fundentem3

767 1051 1005 1153 plenis
1064 1046 1550 1150 rotundisque
1608 1048 1906 1148 papillis
1970 1063 2047 1122 et
2108 1048 2411 1149 reliquis
2465 1064 2820 1142 ornatam,
2879 1050 3183 1143 fuscam,
3240 1052 3635 1126 multarum

768 1187 1115 1268 virtutum
1168 1177 1435 1256 decore
1487 1177 1978 1284 splendidam.

587 1324 710 1395 41.
765 1317 923 1394 Iam
982 1344 1160 1396 vero
1223 1316 1412 1393 illud
1477 1344 1597 1411 os,
1670 1314 1874 1421 quod
1942 1343 2169 1394 aureo
2236 1317 2490 1394 colore
2550 1335 2636 1394 ut
2692 1344 2880 1422 pura
2941 1321 3415 1397 auctumnalis
3463 1320 3636 1396 luna

766 1454 1109 1565 splendet
1170 1472 1244 1533 et
1302 1456 1421 1536 vel
1481 1460 1713 1534 sancti
1762 1459 1898 1537 viri
1965 1472 2288 1533 mentem
2346 1459 2619 1561 rapiat,
2688 1454 2963 1533 nedum
3022 1461 3299 1535 meam!
3377 1457 3638 1564 quodsi

770 1596 947 1692 hoc,
1013 1600 1285 1674 nectari
1337 1596 1602 1691 simile,
1673 1600 1959 1701 assequi
2024 1622 2347 1701 possem,
2420 1596 2667 1672 oscula
2719 1623 2893 1673 sane
2952 1596 3330 1702 infigerem
3397 1597 3640 1676 denuo

771 1758 911 1809 nec
960 1737 1318 1836 separatio
1372 1749 1670 1837 angeret
1698 1737 2043 1808 animum
2092 1758 2364 1808 meum.

591 1876 717 1947 42.
775 1867 1021 1945 Hodie
1073 1869 1266 1944 illius
1314 1873 1613 1945 memini
1649 1873 1823 1963 oris,
1879 1886 1961 1944 ut
2005 1868 2481 1973 Nymphaeae
2530 1868 2832 1973 pollinis
2864 1870 3381 1964 suaveolentis,
3439 1896 3639 1945 amo-

771 2009 871 2083 ris
922 2032 1187 2110 aquam
1234 2008 1682 2110 praebentis,
1744 2004 2132 2109 Cupidinis
2183 2003 2521 2091 ardorem
2575 2010 3117 2109 exstinguentis:
3177 2004 3443 2109 quodsi
3495 2007 3643 2082 boc

771 2146 1072 2219 unicum
1106 2143 1348 2246 gaudii
1381 2145 1751 2222 lavacrum
1797 2141 2045 2217 denuo
2098 2150 2467 2245 assequar,
2522 2145 2747 2219 vitam
2787 2168 2958 2219 sane
3002 2144 3415 2246 relinquam
3455 2141 3639 2218 illud

733 2353 735 2356 Α
777 2276 1162 2353 obtinendi
1212 2305 1449 2353 causa.
2025 2378 2038 2389 .

594 2419 719 2487 43.
772 2412 932 2486 Iam
960 2415 1283 2486 animum
1317 2438 1564 2486 meum
1600 2428 2144 2487 consternatum
2176 2409 2446 2504 reddit,
2507 2410 2710 2513 quod
2746 2412 2963 2504 eheu,
3020 2414 3213 2488 inter
3259 2412 3435 2486 alias
3484 2438 3644 2486 mu·

775 2545 998 2621 lieres
1057 2548 1278 2621 talem
1330 2548 1642 2621 formam
1700 2572 1855 2621 non
1911 2547 2095 2621 mihi
2153 2546 2326 2622 licet
2385 2544 2810 2649 depingere,
2878 2550 2958 2620 in
3014 2549 3197 2620 orbe
3253 2563 3638 2639 terrarum,

780 2684 1141 2785 virginum
1203 2687 1466 2785 genere
1519 2680 1964 2776 abundante,
2035 2683 2165 2757 ubi
2233 2684 2657 2757 eximiarum
2707 2684 3021 2762 vicissim
3081 2684 3449 2759 invenitur
3496 2686 3645 2761 vir-

785 2835 1025 2898 tutum
1077 2821 1394 2898 culmen.

600 2961 726 3033 44.
779 2955 903 3033 Ad
967 2973 1287 3033 mentem
1346 2983 1610 3050 meam,
1681 2956 2153 3061 Nymphaeae
2217 2961 2293 3031 in
2346 2960 2821 3060 separationis
2869 2953 3060 3034 vado
3112 2956 3497 3032 fluctuanti
3546 2961 3640 3030 si·

784 3092 1063 3183 milem,
1133 3091 1515 3192 paullatim
1577 3095 1859 3167 revenit
1917 3092 2246 3165 amabilis
2309 3092 2439 3165 illa
2496 3091 3113 3193 Phoenicoptera,
3184 3093 3643 3193 turgentibus

784 3250 873 3301 ex
922 3227 1156 3328 prima
1211 3228 1583 3300 iuventute
1635 3226 2008 3317 membris,
2069 3250 2258 3326 quae
2308 3239 2559 3298 tenera
2605 3228 2937 3327 corporis
2989 3226 3226 3300 forma
3262 3223 3646 3301 delicatam

781 3387 866 3437 ac
913 3361 1303 3437 tremulam
1352 3358 1593 3464 gaudii
1640 3358 1914 3435 undam
1966 3358 2321 3463 depingit.

598 3503 722 3578 45.
779 3497 1025 3576 Hodie
1088 3500 1290 3574 illam
1341 3501 1586 3602 cogito
1641 3501 1905 3602 optimi
1953 3501 2142 3602 regis
2190 3497 2445 3591 filiam,
2501 3497 2765 3576 lasciva
2819 3499 2918 3572 ob
2968 3500 3339 3601 perfectae
3390 3504 3643 3575 iuven·

781 3640 957 3712 tutis
1011 3640 1438 3711 ebrietatem
1485 3610 1761 3709 lumina
1812 3639 2228 3727 iactantem;
2287 3660 2475 3735 quae
2526 3634 2677 3708 filia
2727 3638 2975 3738 potius
3025 3635 3409 3712 videbatur
3457 3641 3645 3738 regis

784 3768 1424 3860 Gandharvorum,
1493 3768 1983 3860 Yakshorum,
2050 3770 2387 3842 Deorum
2450 3766 2533 3842 ac
2597 3768 3095 3842 Kinnarorum
3160 3795 3245 3842 ex
3299 3772 3515 3844 coelo
3569 3776 3645 3843 in

783 3923 1257 4008 conspectum
1309 3902 1630 4005 delapsa.

599 4042 724 4115 46.
778 4038 1046 4142 Neque
1094 4057 1322 4116 noctu
1368 4037 1576 4115 dieve
1632 4039 2031 4117 obliviscor
2076 4040 2370 4140 virginis
2416 4061 2458 4111 e
2506 4062 2771 4124 somno
2818 4038 3199 4138 surgentis,
3253 4040 3638 4141 benignae,

781 4180 985 4253 cuius
1036 4194 1301 4253 statura
1356 4176 1639 4280 gracilis
1691 4175 2075 4252 columnae
2128 4178 2352 4251 instar
2400 4191 2690 4266 tenera;
2747 4176 2950 4248 cuius
2999 4171 3277 4249 tumida
3328 4174 3640 4278 papilla·

687 4369 692 4377 ·
784 4342 947 4389 rum
1006 4340 1173 4392 vasa
1236 4330 1530 4390 nectare
1595 4330 1800 4389 erant
1848 4313 2152 4417 impleta
2205 4330 2279 4389 et
2331 4337 2519 4415 quae
2571 4337 2839 4414 corpus
2889 4337 3100 4385 suum
3152 4315 3366 4387 variis
3420 4312 3637 4388 deco-

786 4467 1062 4526 raverat
1114 4455 1582 4525 ornamentis.

605 4587 730 4662 47.
787 4584 1177 4689 Hodieque
1227 4585 1579 4662 recordor
1629 4590 2054 4681 formosam,
2112 4588 2487 4678 membris,
2555 4589 2708 4660 auri
2760 4582 3153 4689 splendore
3205 4588 3635 4675 nitentibus,

746 4705 1198 4825 'languidam
1252 4740 1324 4799 et
1375 4729 1637 4799 amoris
1699 4742 1901 4800 metu
1967 4722 2557 4818 tremebundam3
2628 4749 2814 4825 quac
2875 4738 3119 4796 tamen
3168 4749 3305 4825 per
3356 4722 3639 4796 oscula-

782 4861 1063 4934 tionem
1126 4860 1423 4934 consusa
1487 4857 1575 4935 ad
1629 4887 2027 4965 corporum
2090 4861 2554 4966 complexum
2604 4860 3018 4964 rapiebatur
3068 4875 3144 4934 et
3192 4863 3383 4935 vitae
3436 4884 3641 4934 meae

783 4994 1014 5069 veluti
1064 4994 1512 5070 medicamen
1564 4996 1724 5070 suit.
