4126 5595
1706 500 1962 562 mmm
2019 498 2498 563 SECUNDUS.
3456 480 3627 574 207

554 708 641 767 86.
685 679 974 762 Parabola
999 698 1135 760 trita
1163 716 1231 760 ac
1257 694 1510 782 vulgaris
1537 695 1739 758 docet:
1779 694 2074 757 neminem
2104 693 2374 779 effugere
2399 714 2567 776 posse
2605 715 2670 756 ea
2705 715 2853 776 quae
2879 717 2987 778 per
3012 697 3217 760 Fatum
3237 696 3416 761 semel
3443 699 3621 763 desti·

689 832 821 882 nata
857 818 975 881 sint
1011 818 1228 901 quippo
1266 817 1425 899 quod
1463 837 1571 878 nos
1611 814 1794 879 veluti
1820 835 2034 898 pecora
2060 815 2253 892 ducat,
2289 825 2355 876 ut
2387 825 2475 876 est
2497 819 2705 877 masat.
2732 837 2790 897 p.
2812 817 2935 879 146.
3013 816 3383 881 Vocabulum
3407 833 3617 890 W

690 939 891 1024 paucis
927 906 1339 1025 investigemus
1376 951 1438 1001 et
1474 936 1544 999 ad
1583 959 1743 1001 suam
1779 937 2018 1020 stirpem
2045 935 2274 998 referre
2311 954 2621 999 conemurz
2654 953 2789 1025 Q
2806 937 2964 1018 quod
2990 959 3099 1021 per
3129 938 3621 1027 Ιειεςῆειιρίἰιεειιιιιᾈ

695 1061 769 1123 dc
805 1080 1010 1123 senum
1050 1060 1409 1143 potissimum
1437 1059 1667 1120 incessu
1696 1058 2003 1121 vacillante
2031 1070 2092 1119 et
2122 1057 2427 1121 incurvato
2455 1057 2687 1121 videtur
2713 1057 2997 1136 adbiberi,
3032 1060 3189 1122 unde
3216 1060 3510 1144 persicum
3535 1049 3624 1131 dl(

694 1205 896 1242 curvus
934 1179 1229 1259 remansit,
1265 1181 1344 1242 ita
1381 1193 1575 1242 tamen
1617 1191 1681 1241 ut
1719 1179 1792 1240 dc
1829 1186 2171 1254 capillorum
2199 1187 2408 1240 canitie
2433 1198 2489 1239 et
2516 1187 2759 1240 raritate
2789 1179 2960 1241 simul
2987 1191 3287 1262 repetatur
3320 1181 3512 1259 notio,
3557 1193 3625 1242 nt

670 1289 834 1381 533ss
855 1300 1008 1380 apud
1039 1301 1243 1361 Persas
1281 1301 1328 1361 is
1355 1313 1442 1361 cst
1481 1307 1579 1359 cm·
1598 1307 1796 1374 capilli
1817 1309 2173 1367 horrescunt,
2209 1298 2455 1360 verbum
2479 1288 2708 1390 monast(
2732 1309 2958 1359 calcare
2990 1310 3055 1360 et
3078 1322 3254 1358 canos
3273 1306 3417 1374 fieri
3436 1306 3620 1374 capil-

694 1425 800 1484 los,
837 1417 1325 1497 quemadmodum
1363 1417 1533 1478 hebr.
1575 1426 1676 1505 '121
1702 1440 1879 1475 senex
1909 1417 1981 1477 dc
2008 1416 2186 1477 barba
2216 1429 2276 1477 et
2295 1429 2493 1477 mento
2522 1415 2924 1477 vacillantibus
2951 1416 3270 1478 descendit.
3348 1414 3405 1476 A
3431 1414 3617 1477 verbo

696 1551 829 1622 Q
857 1535 1064 1598 suffixo
1101 1536 1373 1599 Unildico
1410 1553 1457 1604 3·
1505 1539 1599 1619 (ιιι
1634 1553 1727 1628 ag
1763 1557 1796 1598 a
1841 1536 1983 1623 τις)
2033 1556 2255 1598 nomen
2296 1534 2595 1597 derivatur
2630 1551 2749 1627 (6ιῇ
2803 1535 3030 1615 (senex,
3081 1544 3294 1605 calvus,
3356 1554 3617 1621 german.

694 1656 888 1734 kald),
923 1656 1084 1736 quod
1110 1656 1294 1739 ipsum
1326 1655 1682 1734 obsoletum,
1717 1657 1779 1716 in
1805 1656 2096 1719 Vocativo
2124 1666 2346 1717 tantum
2375 1654 2852 1717 adverbiascente
2879 1675 2989 1736 pro
3018 1671 3185 1724 certe,
3217 1679 3363 1715 sane
3389 1674 3619 1716 reman-

692 1775 788 1851 sit,
821 1773 900 1836 ita
939 1775 1094 1836 enim
1132 1775 1341 1837 talibus
1368 1776 1666 1837 vocativis
1702 1774 1928 1856 saepius
1955 1774 2249 1858 contingit
2276 1787 2340 1835 ut
2366 1794 2434 1835 ex
2462 1772 2669 1836 crebra
2694 1772 3052 1836 allocutione
3076 1771 3363 1834 Adverbii
3390 1773 3621 1835 tandem

690 1881 953 1952 naturam
991 1891 1253 1955 induant.
1330 1894 1569 1954 Novum
1609 1892 1745 1953 dein
1784 1892 2011 1954 accedit
2045 1893 2315 1954 suffixum
2349 1892 2637 1952 Taddbita
2671 1908 2806 1968 mv,
2844 1893 3005 1972 quod
3031 1891 3311 1953 maculam
3339 1891 3623 1972 quandam

688 2029 756 2069 ac
784 2008 1207 2088 turpitudinem
1233 2010 1472 2085 indicat,
1507 2032 1562 2068 v.
1582 2030 1632 2068 c.
1657 2024 1852 2075 δπῖῐῐῑ·
1876 2017 2111 2083 loquax,
2145 2010 2229 2069 sic
2254 2026 2466 2075 ιῆῦεηῑ·
2489 2017 2681 2067 calvus
2710 2021 2814 2069 cst.
2894 2007 3185 2068 Notabilis
3216 2008 3398 2090 igitur
3420 2005 3622 2069 similia

698 2123 969 2187 vocabuli
1011 2124 1284 2188 formatio
1313 2125 1374 2187 in
1403 2125 1600 2211 lingua
1638 2125 1814 2187 latina
1841 2124 2203 2204 observatur,
2237 2125 2528 2208 siquidem
2554 2125 2723 2188 litera
2746 2151 2784 2185 υ
2810 2126 2871 2186 in
2895 2135 3089 2186 calvus
3111 2126 3184 2187 ad
3211 2123 3471 2187 radicem
3497 2144 3621 2187 non

697 2246 957 2329 pertinet
978 2248 1083 2310 sed
1112 2259 1314 2333 postca
1338 2229 1580 2311 themati
1604 2245 1881 2328 adhaesit,
1917 2271 1972 2313 v.
1990 2269 2042 2312 c.
2070 2248 2131 2312 iu
2156 2255 2521 2310 culo-arium
2546 2270 2655 2334 pro
2684 2247 2903 2327 cranio,
2933 2245 3174 2332 proprie
3200 2246 3366 2312 locus
3392 2243 3495 2308 ubi
3523 2265 3617 2310 ca·

699 2367 829 2452 pilli
848 2382 1002 2450 sunt,
1028 2379 1095 2435 ut
1118 2379 1525 2442 virid-arium,
1550 2379 1944 2446 gran-anum
1971 2384 2033 2435 et
2048 2372 2176 2435 alia.
2217 2371 2308 2434 Ab
2334 2374 2534 2436 eadem
2553 2371 2735 2456 stirpe
2756 2371 3053 2436 descendit
3071 2369 3285 2434 nomen
3308 2385 3425 2437 m
3445 2376 3622 2454 ratker

701 2501 764 2552 et
798 2507 978 2581 W
1013 2516 1205 2555 servus
1230 2495 1469 2578 proprie
1504 2517 1755 2564 verrens,
1805 2491 2070 2558 deductis
2097 2493 2339 2558 forsitan
2373 2516 2407 2556 a
2452 2493 2678 2556 miseria
2718 2493 3028 2557 senectutis
3064 2490 3423 2556 notionibus.
3500 2490 3620 2554 Sed

701 2608 846 2672 baec
872 2613 1049 2674 meris
1073 2613 1267 2675 omnia
1294 2612 1564 2675 nituntur
1580 2613 1933 2677 coniecturis
1957 2616 2147 2677 donec
2168 2613 2496 2677 acutissimo
2525 2627 2587 2676 et
2606 2614 2969 2698 sagacissimo
2992 2612 3206 2693 Boppii
3231 2610 3452 2672 iudicio
3475 2593 3621 2672 con·

697 2727 1024 2791 firmentur.
1061 2760 1142 2778 --
1178 2731 1618 2793 Nominativum
1641 2728 1881 2799 ἐππῖΐιπι
1924 2754 2047 2795 non
2072 2732 2354 2795 Localem
2385 2753 2575 2793 casum
2603 2731 2974 2793 membranae
2998 2729 3300 2813 praebent.
3380 2727 3535 2789 Cod.
3547 2725 3621 2789 A.

697 2844 866 2906 aliam
885 2848 1167 2928 proponit
1186 2848 1485 2926 arborem,
1511 2865 1691 2914 m
1707 2814 1984 2921 lectione;
2011 2819 2164 2914 ml?
2179 2860 2240 2909 et
2254 2846 2429 2925 ffrffit,
2463 2848 2626 2909 cuius
2647 2846 2830 2931 igitur
2848 2847 3036 2909 forma
3055 2845 3369 2906 masculina
3388 2862 3624 2925 quoque

692 2962 816 3025 sive
851 2976 1061 3027 neutra
1094 2977 1338 3048 prostat,
1385 2976 1473 3027 cst
1514 2972 1774 3044 Covrpha
1802 2972 2052 3038 Tam-ra.
2088 2971 2538 3045 ambr-acumem
2564 2965 2757 3030 Βοιὼ.
2795 2966 2897 3028 sed
2926 2964 3119 3027 malim
3147 2962 3300 3027 tueri
3325 2960 3623 3048 vulgarem

695 3082 830 3146 lect.
863 3079 1118 3164 ffiwm,
1152 3085 1374 3170 magnis
1409 3085 1628 3148 etenim
1670 3086 1954 3150 fructibus
1989 3088 2248 3169 praedita
2290 3101 2377 3149 est
2402 3086 2593 3162 Vilva,
2632 3108 2681 3148 s.
2719 3092 2898 3158 Aegle
2933 3094 3262 3152 mae-melos.
3297 3095 3364 3146 ut
3402 3083 3515 3145 iam
3555 3102 3623 3145 ex

694 3203 983 3264 sententia
1018 3215 1178 3284 patet
1212 3203 1271 3263 in
1309 3209 1547 3279 Eptsoa.
1568 3210 1821 3264 Saltum.
1852 3212 1905 3281 7,
1924 3216 2030 3271 79.:
2079 3211 2250 3263 Vides
2276 3228 2311 3262 ο
2335 3227 2443 3262 rex
2466 3211 2617 3264 alius
2638 3220 2880 3278 peccota
2907 3219 2970 3263 ut
2992 3226 3244 3274 eranum
3268 3208 3482 3277 sinapi,
3517 3217 3622 3260 tem

697 3344 849 3389 vem,
885 3338 948 3380 ut
978 3328 1141 3383 Vr‘loa
1166 3329 1443 3393 urgentia,
1474 3329 1675 3381 videm
1700 3325 1814 3380 etsi
1832 3344 1947 3381 non
1972 3329 2402 3383 anr'rnodoereis.

1456 3427 1996 3527 mmfiwmffir
2025 3436 2375 3533 Wffir
2403 3436 2584 3507 0121&
2623 3459 2635 3500 ι

1457 3550 1694 3623 ma}
1725 3553 2121 3626 &mmmm
2150 3553 2370 3650 aava&
2398 3576 2448 3626 :c
2477 3554 2657 3625 urata
2692 3579 2718 3620 ιι

696 3672 1144 3735 Hemisticbium
1168 3674 1537 3736 secundum·
1516 3698 1576 3736 nn
1607 3676 1760 3739 Cod.
1772 3675 1849 3739 A.
1876 3677 2083 3762 incipit
2101 3693 2352 3773 ῆῖῐιπιῃ
2379 3679 2545 3803 salso,
2572 3678 2705 3762 quia
2729 3675 2904 3757 Επιΐὲζ
2928 3676 3208 3761 sequitur,
3234 3676 3295 3738 in
3322 3675 3436 3739 fune
3463 3672 3617 3739 idem

696 3792 872 3855 habet
893 3794 1115 3873 ῆῑτπζῖ
1136 3793 1296 3860 unfit
1320 3796 1480 3876 quod
1505 3796 1728 3860 admitti
1754 3810 1967 3881 potest.

566 3923 655 3978 87.
702 3912 1064 3974 Sententiam
1101 3914 1510 3998 pervulgarem
1542 3936 1611 3977 ac
1647 3915 1866 3995 tritam,
1901 3918 1962 3978 in
1999 3919 2159 3981 Edit.
2197 3920 2292 3981 Sr.
2321 3932 2401 3982 et
2418 3920 2609 3983 Codd.
2647 3920 2939 3997 omnibus,
2974 3930 3208 4002 praeter
3230 3917 3306 3980 A.
3332 3915 3620 3995 omissam,

699 4030 916 4091 retinui
954 4029 1205 4111 primum
1242 4032 1376 4111 quia
1411 4032 1606 4094 locum
1642 4054 1809 4095 suum
1848 4035 2002 4097 bene
2041 4049 2312 4118 occupat,
2346 4050 2469 4098 tum
2507 4038 2640 4119 quia
2680 4038 2743 4098 in
2782 4044 3117 4113 Ha'topades.
3146 4037 3232 4117 (p.
3251 4036 3369 4116 16.)
3408 4046 3497 4097 est
3519 4052 3617 4095 re·

696 4157 870 4227 cepta
908 4157 970 4208 et
1002 4165 1037 4207 a
1071 4147 1342 4231 Rogerio
1380 4149 1497 4212 boc
1534 4149 1669 4212 loco
1710 4150 1879 4214 lecta.
1965 4154 2179 4235 Neque
2214 4153 2500 4216 variantes
2540 4154 2903 4218 adnotandae
2940 4152 3256 4232 lectiones,
3299 4150 3412 4213 nisi
3457 4149 3621 4232 quod

698 4261 977 4344 Hitopad.
1016 4264 1347 4328 membrum
1387 4267 1641 4350 primum
1669 4280 1728 4330 et
1753 4270 2071 4333 secundum
2097 4272 2443 4354 transponit,
2476 4292 2670 4355 neque
2697 4274 2903 4337 adsunt
2927 4270 3186 4336 Scholia.
3236 4271 3335 4334 De
3361 4268 3620 4332 dracone

700 4387 876 4442 Ilalm
901 4381 1120 4446 dictum
1147 4397 1235 4449 est
1255 4387 1328 4449 ad
1353 4408 1437 4451 va.
1463 4386 1633 4451 buius
1659 4387 1798 4451 libri
1822 4399 1913 4457 27.

566 4514 652 4566 88.
700 4503 921 4566 Versus
947 4503 1065 4586 bic,
1100 4506 1201 4588 qui
1228 4520 1293 4570 ut
1319 4508 1710 4594 octogesimus
1740 4532 1931 4573 nonus
1963 4510 2022 4573 in
2048 4510 2179 4576 solo
2207 4522 2428 4576 tantum
2457 4508 2608 4577 Cod.
2626 4510 2700 4576 A.
2727 4513 2965 4602 legitur,
2999 4509 3172 4578 simili
3199 4528 3470 4573 mensura
3494 4527 3620 4572 sese

698 4621 964 4757 adiungit
1001 4627 1398 4708 praecedenti.
1488 4628 1726 4692 Scholia
1776 4630 2095 4693 adscribam
2138 4630 2385 4717 integra,
2448 4633 2522 4696 de
2559 4634 2849 4712 acumine,
2898 4635 2960 4695 in
3000 4634 3116 4694 fine
3159 4621 3413 4706 distichi,
3461 4625 3616 4707 quod
