<?xml version="1.0" encoding="UTF-8"?>
<!DOCTYPE html PUBLIC "-//W3C//DTD XHTML 1.0 Transitional//EN"
    "http://www.w3.org/TR/xhtml1/DTD/xhtml1-transitional.dtd">
<html xmlns="http://www.w3.org/1999/xhtml" xml:lang="en" lang="en">
 <head>
  <title>
</title>
<meta http-equiv="Content-Type" content="text/html;charset=utf-8" />
  <meta name='ocr-system' content='tesseract 3.04.00' />
  <meta name='ocr-capabilities' content='ocr_page ocr_carea ocr_par ocr_line ocrx_word'/>
</head>
<body>
  <div class='ocr_page' id='page_1' title='image "bhartriharissen00bohlgoog_0027.png"; bbox 0 0 4126 5595; ppageno 0'>
   <div class='ocr_carea' id='block_1_1' title="bbox 1784 562 3563 656">
    <p class='ocr_par' dir='ltr' id='par_1_1' title="bbox 1784 562 3563 656">
     <span class='ocr_line' id='line_1_1' title="bbox 1784 562 3563 656; baseline 0.002 -30"><span class='ocrx_word' id='word_1_1' title='bbox 1784 562 2293 626; x_wconf 63' lang='lat' dir='ltr'><strong>mmmmm.</strong></span> <span class='ocrx_word' id='word_1_2' title='bbox 3389 568 3563 656; x_wconf 71' lang='lat' dir='ltr'><strong>xvn</strong></span> 
     </span>
    </p>
   </div>
   <div class='ocr_carea' id='block_1_2' title="bbox 498 747 3575 3047">
    <p class='ocr_par' dir='ltr' id='par_1_2' title="bbox 498 747 3568 1274">
     <span class='ocr_line' id='line_1_2' title="bbox 500 747 3568 872; baseline -0.001 -40"><span class='ocrx_word' id='word_1_3' title='bbox 500 758 590 833; x_wconf 89' lang='lat' dir='ltr'><strong>ad</strong></span> <span class='ocrx_word' id='word_1_4' title='bbox 628 759 971 832; x_wconf 83' lang='lat' dir='ltr'><strong>verbum:</strong></span> <span class='ocrx_word' id='word_1_5' title='bbox 1033 761 1106 827; x_wconf 80' lang='lat' dir='ltr'><strong>in</strong></span> <span class='ocrx_word' id='word_1_6' title='bbox 1156 781 1299 857; x_wconf 83' lang='lat' dir='ltr'><strong>quo</strong></span> <span class='ocrx_word' id='word_1_7' title='bbox 1349 769 1430 853; x_wconf 65' lang='grc' dir='ltr'><strong>’.Ἰ</strong></span> <span class='ocrx_word' id='word_1_8' title='bbox 1472 755 1830 851; x_wconf 80' lang='lat' dir='ltr'><strong>geminum</strong></span> <span class='ocrx_word' id='word_1_9' title='bbox 1886 767 2084 850; x_wconf 76' lang='lat' dir='ltr'><strong>tunc,</strong></span> <span class='ocrx_word' id='word_1_10' title='bbox 2140 764 2198 872; x_wconf 56' lang='grc' dir='ltr'><strong>ἶ·</strong></span> <span class='ocrx_word' id='word_1_11' title='bbox 2239 751 2330 828; x_wconf 93' lang='lat' dir='ltr'><em>V</em></span> <span class='ocrx_word' id='word_1_12' title='bbox 2318 748 2608 821; x_wconf 80' lang='lat' dir='ltr'><strong>edorum</strong></span> <span class='ocrx_word' id='word_1_13' title='bbox 2646 747 2828 848; x_wconf 88' lang='lat' dir='ltr'><strong>(hoc</strong></span> <span class='ocrx_word' id='word_1_14' title='bbox 2862 765 2996 826; x_wconf 88' lang='lat' dir='ltr'><strong>est:</strong></span> <span class='ocrx_word' id='word_1_15' title='bbox 3054 748 3144 825; x_wconf 87' lang='lat' dir='ltr'><strong>ad</strong></span> <span class='ocrx_word' id='word_1_16' title='bbox 3181 777 3568 829; x_wconf 87' lang='lat' dir='ltr'><strong>numerum</strong></span> 
     </span>
     <span class='ocr_line' id='line_1_3' title="bbox 499 886 3562 994; baseline -0.001 -26"><span class='ocrx_word' id='word_1_17' title='bbox 499 894 769 970; x_wconf 85' lang='lat' dir='ltr'><strong>horum</strong></span> <span class='ocrx_word' id='word_1_18' title='bbox 830 893 1193 968; x_wconf 89' lang='lat' dir='ltr'><strong>librorum</strong></span> <span class='ocrx_word' id='word_1_19' title='bbox 1261 905 1521 994; x_wconf 83' lang='lat' dir='ltr'><strong>quater</strong></span> <span class='ocrx_word' id='word_1_20' title='bbox 1583 890 2010 993; x_wconf 84' lang='lat' dir='ltr'><strong>repetitum)</strong></span> <span class='ocrx_word' id='word_1_21' title='bbox 2083 887 2629 962; x_wconf 68' lang='lat' dir='ltr'><strong>Mahdmcflitam</strong></span> <span class='ocrx_word' id='word_1_22' title='bbox 2694 904 2826 963; x_wconf 82' lang='lat' dir='ltr'><strong>est.</strong></span> <span class='ocrx_word' id='word_1_23' title='bbox 2904 933 2987 948; x_wconf 96' lang='lat'>—</span> <span class='ocrx_word' id='word_1_24' title='bbox 3059 886 3212 967; x_wconf 86' lang='lat' dir='ltr'><strong>Sed</strong></span> <span class='ocrx_word' id='word_1_25' title='bbox 3278 893 3423 965; x_wconf 88' lang='lat' dir='ltr'><strong>iam</strong></span> <span class='ocrx_word' id='word_1_26' title='bbox 3473 890 3562 966; x_wconf 85' lang='lat' dir='ltr'><strong>ad</strong></span> 
     </span>
     <span class='ocr_line' id='line_1_4' title="bbox 498 1024 3564 1139; baseline -0.001 -30"><span class='ocrx_word' id='word_1_27' title='bbox 498 1050 766 1139; x_wconf 86' lang='lat' dir='ltr'><strong>poetae</strong></span> <span class='ocrx_word' id='word_1_28' title='bbox 820 1036 1052 1107; x_wconf 87' lang='lat' dir='ltr'><strong>nostri</strong></span> <span class='ocrx_word' id='word_1_29' title='bbox 1103 1028 1592 1107; x_wconf 88' lang='lat' dir='ltr'><strong>Bhartriharis</strong></span> <span class='ocrx_word' id='word_1_30' title='bbox 1644 1043 1873 1103; x_wconf 90' lang='lat' dir='ltr'><strong>metra</strong></span> <span class='ocrx_word' id='word_1_31' title='bbox 1925 1030 2231 1131; x_wconf 89' lang='lat' dir='ltr'><strong>propius</strong></span> <span class='ocrx_word' id='word_1_32' title='bbox 2284 1024 2710 1101; x_wconf 80' lang='lat' dir='ltr'>accedamus</span> <span class='ocrx_word' id='word_1_33' title='bbox 2774 1041 2997 1129; x_wconf 86' lang='lat' dir='ltr'><strong>atque</strong></span> <span class='ocrx_word' id='word_1_34' title='bbox 3051 1030 3143 1102; x_wconf 91' lang='lat' dir='ltr'><strong>ab</strong></span> <span class='ocrx_word' id='word_1_35' title='bbox 3198 1032 3564 1134; x_wconf 86' lang='lat' dir='ltr'><strong>antiquio-</strong></span> 
     </span>
     <span class='ocr_line' id='line_1_5' title="bbox 502 1164 3134 1274; baseline -0.002 -29"><span class='ocrx_word' id='word_1_36' title='bbox 502 1173 704 1248; x_wconf 80' lang='lat' dir='ltr'>ribus</span> <span class='ocrx_word' id='word_1_37' title='bbox 760 1168 1060 1274; x_wconf 86' lang='lat' dir='ltr'><strong>quidem</strong></span> <span class='ocrx_word' id='word_1_38' title='bbox 1114 1173 1574 1272; x_wconf 77' lang='lat' dir='ltr'><strong>incipiamuS,</strong></span> <span class='ocrx_word' id='word_1_39' title='bbox 1633 1169 1825 1241; x_wconf 88' lang='lat' dir='ltr'><strong>inter</strong></span> <span class='ocrx_word' id='word_1_40' title='bbox 1882 1191 2068 1268; x_wconf 89' lang='lat' dir='ltr'><strong>quae</strong></span> <span class='ocrx_word' id='word_1_41' title='bbox 2121 1167 2442 1268; x_wconf 88' lang='lat' dir='ltr'><strong>primum</strong></span> <span class='ocrx_word' id='word_1_42' title='bbox 2491 1164 2745 1239; x_wconf 87' lang='lat' dir='ltr'><strong>locum</strong></span> <span class='ocrx_word' id='word_1_43' title='bbox 2796 1180 3134 1268; x_wconf 87' lang='lat' dir='ltr'><strong>occupat.</strong></span> 
     </span>
    </p>

    <p class='ocr_par' dir='ltr' id='par_1_3' title="bbox 499 1300 3575 3047">
     <span class='ocr_line' id='line_1_6' title="bbox 779 1300 3568 1404; baseline 0.001 -27"><span class='ocrx_word' id='word_1_44' title='bbox 779 1307 845 1396; x_wconf 88' lang='grc' dir='ltr'><strong>Ι,</strong></span> <span class='ocrx_word' id='word_1_45' title='bbox 891 1314 957 1378; x_wconf 94' lang='grc'><strong>1.</strong></span> <span class='ocrx_word' id='word_1_46' title='bbox 1065 1308 1313 1379; x_wconf 80' lang='lat' dir='ltr'><strong>Slocns</strong></span> <span class='ocrx_word' id='word_1_47' title='bbox 1377 1309 1642 1402; x_wconf 78' lang='lat' dir='ltr'><strong>epc&#39;cus.</strong></span> <span class='ocrx_word' id='word_1_48' title='bbox 1750 1302 2082 1376; x_wconf 73' lang='lat' dir='ltr'><strong>Pertinet</strong></span> <span class='ocrx_word' id='word_1_49' title='bbox 2142 1325 2320 1374; x_wconf 76' lang='lat' dir='ltr'><strong>vero</strong></span> <span class='ocrx_word' id='word_1_50' title='bbox 2397 1300 2580 1373; x_wconf 86' lang='lat' dir='ltr'><strong>haec</strong></span> <span class='ocrx_word' id='word_1_51' title='bbox 2642 1303 2961 1400; x_wconf 88' lang='lat' dir='ltr'><strong>species,</strong></span> <span class='ocrx_word' id='word_1_52' title='bbox 3036 1317 3122 1374; x_wconf 89' lang='lat' dir='ltr'><strong>ut</strong></span> <span class='ocrx_word' id='word_1_53' title='bbox 3184 1327 3312 1377; x_wconf 93' lang='lat' dir='ltr'><strong>eae</strong></span> <span class='ocrx_word' id='word_1_54' title='bbox 3379 1330 3568 1404; x_wconf 87' lang='lat' dir='ltr'><strong>quae</strong></span> 
     </span>
     <span class='ocr_line' id='line_1_7' title="bbox 499 1431 3571 1544; baseline 0 -30"><span class='ocrx_word' id='word_1_55' title='bbox 499 1443 837 1544; x_wconf 81' lang='lat' dir='ltr'><strong>proxime</strong></span> <span class='ocrx_word' id='word_1_56' title='bbox 875 1452 1309 1541; x_wconf 88' lang='lat' dir='ltr'><strong>sequuntur,</strong></span> <span class='ocrx_word' id='word_1_57' title='bbox 1354 1434 1443 1509; x_wconf 88' lang='lat' dir='ltr'><strong>ad</strong></span> <span class='ocrx_word' id='word_1_58' title='bbox 1478 1439 1789 1539; x_wconf 86' lang='lat' dir='ltr'>primam</span> <span class='ocrx_word' id='word_1_59' title='bbox 1825 1449 2233 1507; x_wconf 86' lang='lat' dir='ltr'>metrorum</span> <span class='ocrx_word' id='word_1_60' title='bbox 2266 1431 2571 1509; x_wconf 81' lang='lat' dir='ltr'><strong>classem</strong></span> <span class='ocrx_word' id='word_1_61' title='bbox 2610 1433 3050 1536; x_wconf 83' lang='lat' dir='ltr'><strong>generalem,</strong></span> <span class='ocrx_word' id='word_1_62' title='bbox 3094 1440 3298 1513; x_wconf 88' lang='lat' dir='ltr'><strong>cuius</strong></span> <span class='ocrx_word' id='word_1_63' title='bbox 3340 1436 3571 1543; x_wconf 87' lang='lat' dir='ltr'><strong>pedes</strong></span> 
     </span>
     <span class='ocr_line' id='line_1_8' title="bbox 501 1569 3569 1684; baseline 0 -31"><span class='ocrx_word' id='word_1_64' title='bbox 501 1577 964 1680; x_wconf 80' lang='lat' dir='ltr'><strong>temporibus</strong></span> <span class='ocrx_word' id='word_1_65' title='bbox 1017 1589 1589 1679; x_wconf 86' lang='lat' dir='ltr'><strong>componuntur,</strong></span> <span class='ocrx_word' id='word_1_66' title='bbox 1647 1569 1845 1646; x_wconf 89' lang='lat' dir='ltr'><strong>unde</strong></span> <span class='ocrx_word' id='word_1_67' title='bbox 1896 1597 2225 1684; x_wconf 56' lang='lat' dir='ltr'><strong>W:</strong></span> <span class='ocrx_word' id='word_1_68' title='bbox 2282 1570 2587 1666; x_wconf 83' lang='lat' dir='ltr'><strong>dicitur3</strong></span> <span class='ocrx_word' id='word_1_69' title='bbox 2645 1571 2964 1648; x_wconf 88' lang='lat' dir='ltr'><strong>secunda</strong></span> <span class='ocrx_word' id='word_1_70' title='bbox 3009 1575 3363 1677; x_wconf 47' lang='lat' dir='ltr'><strong>&amp;affl</strong></span> <span class='ocrx_word' id='word_1_71' title='bbox 3418 1578 3569 1655; x_wconf 80' lang='lat' dir='ltr'><strong>sive</strong></span> 
     </span>
     <span class='ocr_line' id='line_1_9' title="bbox 503 1708 3571 1826; baseline 0.001 -39"><span class='ocrx_word' id='word_1_72' title='bbox 503 1740 882 1826; x_wconf 55' lang='lat' dir='ltr'><strong>W:</strong></span> <span class='ocrx_word' id='word_1_73' title='bbox 940 1717 1334 1805; x_wconf 87' lang='lat' dir='ltr'><strong>nominata,</strong></span> <span class='ocrx_word' id='word_1_74' title='bbox 1396 1714 1640 1810; x_wconf 88' lang='lat' dir='ltr'><strong>omnia</strong></span> <span class='ocrx_word' id='word_1_75' title='bbox 1693 1708 2211 1814; x_wconf 82' lang='lat' dir='ltr'><strong>complectitur</strong></span> <span class='ocrx_word' id='word_1_76' title='bbox 2260 1725 2491 1785; x_wconf 87' lang='lat' dir='ltr'><strong>metra</strong></span> <span class='ocrx_word' id='word_1_77' title='bbox 2544 1736 2733 1814; x_wconf 91' lang='lat' dir='ltr'><strong>quae</strong></span> <span class='ocrx_word' id='word_1_78' title='bbox 2780 1711 3225 1814; x_wconf 81' lang='lat' dir='ltr'><strong>syllabarum</strong></span> <span class='ocrx_word' id='word_1_79' title='bbox 3273 1721 3571 1789; x_wconf 75' lang='lat' dir='ltr'><strong>numero</strong></span> 
     </span>
     <span class='ocr_line' id='line_1_10' title="bbox 505 1846 3567 1952; baseline 0 -26"><span class='ocrx_word' id='word_1_80' title='bbox 505 1848 979 1926; x_wconf 80' lang='lat' dir='ltr'><strong>scanduntur.</strong></span> <span class='ocrx_word' id='word_1_81' title='bbox 1075 1849 1300 1924; x_wconf 91' lang='lat' dir='ltr'><strong>Sloco</strong></span> <span class='ocrx_word' id='word_1_82' title='bbox 1354 1852 1522 1924; x_wconf 90' lang='lat' dir='ltr'><strong>satis</strong></span> <span class='ocrx_word' id='word_1_83' title='bbox 1573 1848 2000 1950; x_wconf 82' lang='lat' dir='ltr'><strong>frequenter</strong></span> <span class='ocrx_word' id='word_1_84' title='bbox 2049 1851 2281 1921; x_wconf 88' lang='lat' dir='ltr'><strong>utitur</strong></span> <span class='ocrx_word' id='word_1_85' title='bbox 2323 1846 2839 1923; x_wconf 85' lang='lat' dir='ltr'><strong>Bhartriharis:</strong></span> <span class='ocrx_word' id='word_1_86' title='bbox 2899 1846 3237 1952; x_wconf 64' lang='lat' dir='ltr'><strong>Sringara</strong></span> <span class='ocrx_word' id='word_1_87' title='bbox 3282 1858 3401 1926; x_wconf 86' lang='lat'><strong>11.</strong></span> <span class='ocrx_word' id='word_1_88' title='bbox 3452 1857 3567 1926; x_wconf 87' lang='grc'><strong>13.</strong></span> 
     </span>
     <span class='ocr_line' id='line_1_11' title="bbox 517 1983 3566 2060; baseline 0.001 -4"><span class='ocrx_word' id='word_1_89' title='bbox 517 1991 632 2059; x_wconf 81' lang='grc'><strong>14.</strong></span> <span class='ocrx_word' id='word_1_90' title='bbox 685 1989 802 2059; x_wconf 94' lang='grc'><strong>16.</strong></span> <span class='ocrx_word' id='word_1_91' title='bbox 851 1994 974 2058; x_wconf 88' lang='grc'><strong>20.</strong></span> <span class='ocrx_word' id='word_1_92' title='bbox 1022 1988 1145 2058; x_wconf 90' lang='grc'><strong>29.</strong></span> <span class='ocrx_word' id='word_1_93' title='bbox 1188 1993 1312 2058; x_wconf 84' lang='grc'><strong>31.</strong></span> <span class='ocrx_word' id='word_1_94' title='bbox 1359 1987 1480 2057; x_wconf 93' lang='grc'><strong>60.</strong></span> <span class='ocrx_word' id='word_1_95' title='bbox 1526 1987 1650 2057; x_wconf 81' lang='grc'><strong>61.</strong></span> <span class='ocrx_word' id='word_1_96' title='bbox 1693 1987 1817 2056; x_wconf 90' lang='grc'><strong>68.</strong></span> <span class='ocrx_word' id='word_1_97' title='bbox 1864 1985 1986 2057; x_wconf 87' lang='grc'><strong>73.</strong></span> <span class='ocrx_word' id='word_1_98' title='bbox 2034 1983 2157 2056; x_wconf 81' lang='grc'><strong>74.</strong></span> <span class='ocrx_word' id='word_1_99' title='bbox 2205 1984 2326 2056; x_wconf 94' lang='grc'><strong>75.</strong></span> <span class='ocrx_word' id='word_1_100' title='bbox 2372 1988 2497 2055; x_wconf 87' lang='grc'><strong>85.</strong></span> <span class='ocrx_word' id='word_1_101' title='bbox 2541 1986 2665 2057; x_wconf 87' lang='lat'><strong>86.</strong></span> <span class='ocrx_word' id='word_1_102' title='bbox 2713 1989 2834 2056; x_wconf 85' lang='lat'><strong>90.</strong></span> <span class='ocrx_word' id='word_1_103' title='bbox 2881 1989 3004 2057; x_wconf 88' lang='lat'><strong>99.</strong></span> <span class='ocrx_word' id='word_1_104' title='bbox 3112 1985 3270 2059; x_wconf 79' lang='lat' dir='ltr'><strong>Niti</strong></span> <span class='ocrx_word' id='word_1_105' title='bbox 3331 1992 3396 2060; x_wconf 91' lang='grc'><strong>1.</strong></span> <span class='ocrx_word' id='word_1_106' title='bbox 3448 1994 3566 2059; x_wconf 86' lang='grc'><strong>11.</strong></span> 
     </span>
     <span class='ocr_line' id='line_1_12' title="bbox 509 2115 3566 2230; baseline 0.001 -38"><span class='ocrx_word' id='word_1_107' title='bbox 509 2128 632 2194; x_wconf 87' lang='grc'><strong>21.</strong></span> <span class='ocrx_word' id='word_1_108' title='bbox 680 2124 803 2230; x_wconf 67' lang='grc'><strong>24.</strong></span> <span class='ocrx_word' id='word_1_109' title='bbox 851 2126 974 2195; x_wconf 87' lang='grc'><strong>25.</strong></span> <span class='ocrx_word' id='word_1_110' title='bbox 1020 2124 1143 2194; x_wconf 93' lang='grc'><strong>43.</strong></span> <span class='ocrx_word' id='word_1_111' title='bbox 1189 2121 1312 2194; x_wconf 87' lang='grc'><strong>47.</strong></span> <span class='ocrx_word' id='word_1_112' title='bbox 1355 2121 1478 2193; x_wconf 89' lang='grc'><strong>56.</strong></span> <span class='ocrx_word' id='word_1_113' title='bbox 1527 2119 1649 2192; x_wconf 76' lang='grc'><strong>74.</strong></span> <span class='ocrx_word' id='word_1_114' title='bbox 1694 2126 1818 2189; x_wconf 89' lang='grc'><strong>83.</strong></span> <span class='ocrx_word' id='word_1_115' title='bbox 1889 2115 2244 2218; x_wconf 70' lang='lat' dir='ltr'><strong>Vairiigya</strong></span> <span class='ocrx_word' id='word_1_116' title='bbox 2284 2124 2355 2189; x_wconf 89' lang='grc'><strong>2.</strong></span> <span class='ocrx_word' id='word_1_117' title='bbox 2403 2120 2473 2188; x_wconf 88' lang='grc'><strong>9.</strong></span> <span class='ocrx_word' id='word_1_118' title='bbox 2518 2120 2641 2190; x_wconf 85' lang='grc'><strong>50.</strong></span> <span class='ocrx_word' id='word_1_119' title='bbox 2690 2121 2811 2191; x_wconf 91' lang='grc'><strong>90.</strong></span> <span class='ocrx_word' id='word_1_120' title='bbox 2858 2122 2980 2192; x_wconf 87' lang='grc'><strong>94.</strong></span> <span class='ocrx_word' id='word_1_121' title='bbox 3059 2118 3446 2224; x_wconf 85' lang='lat' dir='ltr'><strong>Supplem.</strong></span> <span class='ocrx_word' id='word_1_122' title='bbox 3491 2124 3566 2196; x_wconf 91' lang='lat'><strong>6.</strong></span> 
     </span>
     <span class='ocr_line' id='line_1_13' title="bbox 511 2249 3571 2361; baseline 0.001 -29"><span class='ocrx_word' id='word_1_123' title='bbox 511 2264 580 2332; x_wconf 84' lang='lat'><strong>9.</strong></span> <span class='ocrx_word' id='word_1_124' title='bbox 632 2266 750 2333; x_wconf 86' lang='lat'><strong>12.</strong></span> <span class='ocrx_word' id='word_1_125' title='bbox 803 2262 920 2336; x_wconf 78' lang='grc'><strong>14.</strong></span> <span class='ocrx_word' id='word_1_126' title='bbox 968 2265 1085 2332; x_wconf 89' lang='grc'><strong>20.</strong></span> <span class='ocrx_word' id='word_1_127' title='bbox 1163 2255 1368 2333; x_wconf 93' lang='lat' dir='ltr'><strong>Nolo</strong></span> <span class='ocrx_word' id='word_1_128' title='bbox 1407 2254 1706 2361; x_wconf 83' lang='lat' dir='ltr'><strong>quidem</strong></span> <span class='ocrx_word' id='word_1_129' title='bbox 1740 2254 1937 2358; x_wconf 82' lang='lat' dir='ltr'><strong>leges</strong></span> <span class='ocrx_word' id='word_1_130' title='bbox 1971 2252 2188 2358; x_wconf 82' lang='lat' dir='ltr'><strong>buius</strong></span> <span class='ocrx_word' id='word_1_131' title='bbox 2227 2249 2543 2348; x_wconf 86' lang='lat' dir='ltr'><strong>distichi,</strong></span> <span class='ocrx_word' id='word_1_132' title='bbox 2600 2256 2744 2330; x_wconf 90' lang='lat' dir='ltr'><strong>iam</strong></span> <span class='ocrx_word' id='word_1_133' title='bbox 2780 2282 2821 2331; x_wconf 90' lang='lat' dir='ltr'><strong>a</strong></span> <span class='ocrx_word' id='word_1_134' title='bbox 2855 2256 3101 2333; x_wconf 90' lang='lat' dir='ltr'><strong>multis</strong></span> <span class='ocrx_word' id='word_1_135' title='bbox 3129 2260 3299 2335; x_wconf 82' lang='lat' dir='ltr'><strong>viris</strong></span> <span class='ocrx_word' id='word_1_136' title='bbox 3335 2255 3571 2338; x_wconf 87' lang='lat' dir='ltr'><strong>doctis</strong></span> 
     </span>
     <span class='ocr_line' id='line_1_14' title="bbox 511 2392 3569 2502; baseline 0.001 -29"><span class='ocrx_word' id='word_1_137' title='bbox 511 2414 842 2475; x_wconf 85' lang='lat' dir='ltr'><strong>tractatas</strong></span> <span class='ocrx_word' id='word_1_138' title='bbox 894 2412 1256 2502; x_wconf 77' lang='lat' dir='ltr'><strong>repetere,</strong></span> <span class='ocrx_word' id='word_1_139' title='bbox 1316 2420 1557 2499; x_wconf 75' lang='lat' dir='ltr'><strong>neque</strong></span> <span class='ocrx_word' id='word_1_140' title='bbox 1613 2397 1808 2469; x_wconf 89' lang='lat' dir='ltr'><strong>enim</strong></span> <span class='ocrx_word' id='word_1_141' title='bbox 1857 2396 2088 2471; x_wconf 82' lang='lat' dir='ltr'><strong>variat</strong></span> <span class='ocrx_word' id='word_1_142' title='bbox 2133 2392 2618 2468; x_wconf 87' lang='lat' dir='ltr'><strong>Bhartriharis</strong></span> <span class='ocrx_word' id='word_1_143' title='bbox 2653 2394 2897 2470; x_wconf 90' lang='lat' dir='ltr'><strong>slocus</strong></span> <span class='ocrx_word' id='word_1_144' title='bbox 2930 2397 3022 2471; x_wconf 89' lang='lat' dir='ltr'><strong>ab</strong></span> <span class='ocrx_word' id='word_1_145' title='bbox 3058 2397 3276 2474; x_wconf 91' lang='lat' dir='ltr'><strong>slocis</strong></span> <span class='ocrx_word' id='word_1_146' title='bbox 3310 2400 3569 2476; x_wconf 89' lang='lat' dir='ltr'><strong>melio-</strong></span> 
     </span>
     <span class='ocr_line' id='line_1_15' title="bbox 506 2532 3571 2636; baseline 0.001 -25"><span class='ocrx_word' id='word_1_147' title='bbox 506 2541 603 2612; x_wconf 90' lang='lat' dir='ltr'><strong>ris</strong></span> <span class='ocrx_word' id='word_1_148' title='bbox 655 2538 1246 2629; x_wconf 83' lang='lat' dir='ltr'><strong>constructionis3</strong></span> <span class='ocrx_word' id='word_1_149' title='bbox 1307 2560 1391 2609; x_wconf 91' lang='lat' dir='ltr'><strong>ea</strong></span> <span class='ocrx_word' id='word_1_150' title='bbox 1442 2560 1618 2610; x_wconf 85' lang='lat' dir='ltr'><strong>vero</strong></span> <span class='ocrx_word' id='word_1_151' title='bbox 1675 2559 1864 2636; x_wconf 77' lang='lat' dir='ltr'><strong>quae</strong></span> <span class='ocrx_word' id='word_1_152' title='bbox 1915 2533 2109 2607; x_wconf 85' lang='lat' dir='ltr'><strong>forte</strong></span> <span class='ocrx_word' id='word_1_153' title='bbox 2159 2532 2511 2608; x_wconf 86' lang='lat' dir='ltr'><strong>liberiora</strong></span> <span class='ocrx_word' id='word_1_154' title='bbox 2561 2551 2733 2609; x_wconf 88' lang='lat' dir='ltr'><strong>sunt</strong></span> <span class='ocrx_word' id='word_1_155' title='bbox 2782 2537 2928 2609; x_wconf 89' lang='lat' dir='ltr'><strong>suis</strong></span> <span class='ocrx_word' id='word_1_156' title='bbox 2980 2535 3164 2612; x_wconf 89' lang='lat' dir='ltr'><strong>locis</strong></span> <span class='ocrx_word' id='word_1_157' title='bbox 3205 2539 3571 2614; x_wconf 86' lang='lat' dir='ltr'><strong>notabun-</strong></span> 
     </span>
     <span class='ocr_line' id='line_1_16' title="bbox 503 2669 3574 2776; baseline 0 -27"><span class='ocrx_word' id='word_1_158' title='bbox 503 2692 647 2749; x_wconf 91' lang='lat' dir='ltr'><strong>tur.</strong></span> <span class='ocrx_word' id='word_1_159' title='bbox 736 2671 1032 2747; x_wconf 86' lang='lat' dir='ltr'><strong>Addam</strong></span> <span class='ocrx_word' id='word_1_160' title='bbox 1081 2689 1331 2746; x_wconf 88' lang='lat' dir='ltr'><strong>tamen</strong></span> <span class='ocrx_word' id='word_1_161' title='bbox 1375 2669 1705 2771; x_wconf 86' lang='lat' dir='ltr'><strong>regulam</strong></span> <span class='ocrx_word' id='word_1_162' title='bbox 1754 2670 2183 2742; x_wconf 76' lang='lat' dir='ltr'><strong>Malle&#39;niz&#39;tlu‘</strong></span> <span class='ocrx_word' id='word_1_163' title='bbox 2226 2669 2349 2766; x_wconf 88' lang='lat' dir='ltr'><strong>(ad</strong></span> <span class='ocrx_word' id='word_1_164' title='bbox 2402 2669 2817 2773; x_wconf 69' lang='lat' dir='ltr'><strong>Sisupalab.</strong></span> <span class='ocrx_word' id='word_1_165' title='bbox 2869 2677 2986 2765; x_wconf 83' lang='lat'><strong>19,</strong></span> <span class='ocrx_word' id='word_1_166' title='bbox 3018 2677 3126 2769; x_wconf 86' lang='lat'><strong>1.)</strong></span> <span class='ocrx_word' id='word_1_167' title='bbox 3175 2700 3266 2749; x_wconf 85' lang='lat' dir='ltr'><strong>ex</strong></span> <span class='ocrx_word' id='word_1_168' title='bbox 3312 2701 3457 2776; x_wconf 86' lang='lat' dir='ltr'><strong>qua</strong></span> <span class='ocrx_word' id='word_1_169' title='bbox 3495 2677 3574 2750; x_wconf 89' lang='lat' dir='ltr'><strong>in</strong></span> 
     </span>
     <span class='ocr_line' id='line_1_17' title="bbox 505 2805 3575 2910; baseline 0 -27"><span class='ocrx_word' id='word_1_170' title='bbox 505 2811 845 2883; x_wconf 86' lang='lat' dir='ltr'><strong>omnibus</strong></span> <span class='ocrx_word' id='word_1_171' title='bbox 894 2807 1212 2910; x_wconf 83' lang='lat' dir='ltr'><strong>pedibus</strong></span> <span class='ocrx_word' id='word_1_172' title='bbox 1246 2806 1526 2909; x_wconf 82' lang='lat' dir='ltr'><strong>syllaba</strong></span> <span class='ocrx_word' id='word_1_173' title='bbox 1567 2808 1820 2907; x_wconf 81' lang='lat' dir='ltr'><strong>quinta</strong></span> <span class='ocrx_word' id='word_1_174' title='bbox 1863 2820 2229 2906; x_wconf 87' lang='lat' dir='ltr'><strong>correpta,</strong></span> <span class='ocrx_word' id='word_1_175' title='bbox 2290 2821 2486 2879; x_wconf 84' lang='lat' dir='ltr'><strong>sexta</strong></span> <span class='ocrx_word' id='word_1_176' title='bbox 2521 2805 2884 2908; x_wconf 86' lang='lat' dir='ltr'><strong>producta</strong></span> <span class='ocrx_word' id='word_1_177' title='bbox 2922 2833 3077 2883; x_wconf 88' lang='lat' dir='ltr'><strong>csse</strong></span> <span class='ocrx_word' id='word_1_178' title='bbox 3118 2812 3441 2904; x_wconf 90' lang='lat' dir='ltr'><strong>iubetur;</strong></span> <span class='ocrx_word' id='word_1_179' title='bbox 3497 2813 3575 2884; x_wconf 89' lang='lat' dir='ltr'><strong>in</strong></span> 
     </span>
     <span class='ocr_line' id='line_1_18' title="bbox 502 2940 3572 3047; baseline 0.001 -27"><span class='ocrx_word' id='word_1_180' title='bbox 502 2942 817 3047; x_wconf 87' lang='lat' dir='ltr'><strong>pedibus</strong></span> <span class='ocrx_word' id='word_1_181' title='bbox 881 2941 1208 3019; x_wconf 88' lang='lat' dir='ltr'><strong>secundo</strong></span> <span class='ocrx_word' id='word_1_182' title='bbox 1275 2958 1350 3016; x_wconf 89' lang='lat' dir='ltr'><strong>et</strong></span> <span class='ocrx_word' id='word_1_183' title='bbox 1404 2957 1668 3044; x_wconf 89' lang='lat' dir='ltr'><strong>quarto</strong></span> <span class='ocrx_word' id='word_1_184' title='bbox 1722 2957 1967 3016; x_wconf 89' lang='lat' dir='ltr'><strong>autem</strong></span> <span class='ocrx_word' id='word_1_185' title='bbox 2018 2940 2298 3043; x_wconf 86' lang='lat' dir='ltr'><strong>syllaba</strong></span> <span class='ocrx_word' id='word_1_186' title='bbox 2352 2944 2662 3044; x_wconf 89' lang='lat' dir='ltr'><strong>septima</strong></span> <span class='ocrx_word' id='word_1_187' title='bbox 2713 2944 2981 3020; x_wconf 83' lang='lat' dir='ltr'><strong>brevis.</strong></span> <span class='ocrx_word' id='word_1_188' title='bbox 3096 2944 3419 3022; x_wconf 88' lang='lat' dir='ltr'><strong>Peccant</strong></span> <span class='ocrx_word' id='word_1_189' title='bbox 3465 2960 3572 3022; x_wconf 87' lang='lat' dir='ltr'><strong>ta·</strong></span> 
     </span>
    </p>
   </div>
   <div class='ocr_carea' id='block_1_3' title="bbox 504 3077 3574 3319">
    <p class='ocr_par' dir='ltr' id='par_1_4' title="bbox 504 3077 3574 3319">
     <span class='ocr_line' id='line_1_19' title="bbox 504 3077 3574 3187; baseline 0.001 -31"><span class='ocrx_word' id='word_1_190' title='bbox 504 3108 674 3158; x_wconf 88' lang='lat' dir='ltr'><strong>men</strong></span> <span class='ocrx_word' id='word_1_191' title='bbox 723 3080 921 3157; x_wconf 88' lang='lat' dir='ltr'><strong>haud</strong></span> <span class='ocrx_word' id='word_1_192' title='bbox 973 3106 1141 3156; x_wconf 90' lang='lat' dir='ltr'><strong>raro</strong></span> <span class='ocrx_word' id='word_1_193' title='bbox 1198 3095 1454 3156; x_wconf 87' lang='lat' dir='ltr'><strong>contra</strong></span> <span class='ocrx_word' id='word_1_194' title='bbox 1504 3079 1865 3183; x_wconf 85' lang='lat' dir='ltr'><strong>syllabam</strong></span> <span class='ocrx_word' id='word_1_195' title='bbox 1913 3081 2136 3187; x_wconf 89' lang='lat' dir='ltr'><strong>primi</strong></span> <span class='ocrx_word' id='word_1_196' title='bbox 2189 3093 2266 3153; x_wconf 86' lang='lat' dir='ltr'><strong>et</strong></span> <span class='ocrx_word' id='word_1_197' title='bbox 2315 3077 2621 3153; x_wconf 87' lang='lat' dir='ltr'><strong>secundi</strong></span> <span class='ocrx_word' id='word_1_198' title='bbox 2669 3078 2882 3184; x_wconf 86' lang='lat' dir='ltr'><strong>pedis</strong></span> <span class='ocrx_word' id='word_1_199' title='bbox 2933 3080 3232 3184; x_wconf 82' lang='lat' dir='ltr'><strong>longam</strong></span> <span class='ocrx_word' id='word_1_200' title='bbox 3273 3100 3574 3187; x_wconf 77' lang='lat' dir='ltr'><strong>poetae.</strong></span> 
     </span>
     <span class='ocr_line' id='line_1_20' title="bbox 504 3217 1166 3319; baseline 0 -28"><span class='ocrx_word' id='word_1_201' title='bbox 504 3220 625 3292; x_wconf 90' lang='lat' dir='ltr'><strong>En</strong></span> <span class='ocrx_word' id='word_1_202' title='bbox 672 3217 923 3319; x_wconf 80' lang='lat' dir='ltr'><strong>regula</strong></span> <span class='ocrx_word' id='word_1_203' title='bbox 972 3222 1166 3318; x_wconf 85' lang='lat' dir='ltr'><strong>ipsa:</strong></span> 
     </span>
    </p>
   </div>
   <div class='ocr_carea' id='block_1_4' title="bbox 402 3619 3573 4824">
    <p class='ocr_par' dir='ltr' id='par_1_5' title="bbox 402 3619 3573 4824">
     <span class='ocr_line' id='line_1_21' title="bbox 794 3619 3568 3729; baseline 0.003 -33"><span class='ocrx_word' id='word_1_204' title='bbox 794 3631 863 3697; x_wconf 88' lang='grc'><strong>2.</strong></span> <span class='ocrx_word' id='word_1_205' title='bbox 941 3620 1169 3698; x_wconf 90' lang='lat' dir='ltr'><strong>Sloco</strong></span> <span class='ocrx_word' id='word_1_206' title='bbox 1224 3621 1530 3694; x_wconf 84' lang='lat' dir='ltr'><strong>maxime</strong></span> <span class='ocrx_word' id='word_1_207' title='bbox 1585 3635 1976 3723; x_wconf 82' lang='lat' dir='ltr'><strong>cognatum</strong></span> <span class='ocrx_word' id='word_1_208' title='bbox 2031 3634 2106 3695; x_wconf 89' lang='lat' dir='ltr'><strong>et</strong></span> <span class='ocrx_word' id='word_1_209' title='bbox 2155 3623 2398 3694; x_wconf 84' lang='lat' dir='ltr'><strong>versui</strong></span> <span class='ocrx_word' id='word_1_210' title='bbox 2431 3619 2783 3721; x_wconf 87' lang='lat' dir='ltr'><strong>Veterum</strong></span> <span class='ocrx_word' id='word_1_211' title='bbox 2836 3621 3158 3725; x_wconf 83' lang='lat' dir='ltr'><strong>elegiaco</strong></span> <span class='ocrx_word' id='word_1_212' title='bbox 3213 3627 3568 3729; x_wconf 77' lang='lat' dir='ltr'><strong>quodam-</strong></span> 
     </span>
     <span class='ocr_line' id='line_1_22' title="bbox 515 3731 3573 3868; baseline 0.001 -30"><span class='ocrx_word' id='word_1_213' title='bbox 515 3761 737 3838; x_wconf 87' lang='lat' dir='ltr'><strong>modo</strong></span> <span class='ocrx_word' id='word_1_214' title='bbox 810 3757 1161 3838; x_wconf 88' lang='lat' dir='ltr'><strong>accedens</strong></span> <span class='ocrx_word' id='word_1_215' title='bbox 1226 3773 1539 3834; x_wconf 89' lang='lat' dir='ltr'><strong>metrum</strong></span> <span class='ocrx_word' id='word_1_216' title='bbox 1604 3756 1789 3833; x_wconf 90' lang='lat' dir='ltr'><strong>illud</strong></span> <span class='ocrx_word' id='word_1_217' title='bbox 1858 3773 1967 3834; x_wconf 89' lang='lat' dir='ltr'><strong>est</strong></span> <span class='ocrx_word' id='word_1_218' title='bbox 2032 3755 2237 3861; x_wconf 89' lang='lat' dir='ltr'><strong>quod</strong></span> <span class='ocrx_word' id='word_1_219' title='bbox 2294 3731 2489 3854; x_wconf 24' lang='lat' dir='ltr'><strong>&#39;gl-cf(</strong></span> <span class='ocrx_word' id='word_1_220' title='bbox 2550 3761 3047 3853; x_wconf 89' lang='lat' dir='ltr'><strong>nominatum,</strong></span> <span class='ocrx_word' id='word_1_221' title='bbox 3132 3765 3211 3837; x_wconf 90' lang='lat' dir='ltr'><strong>in</strong></span> <span class='ocrx_word' id='word_1_222' title='bbox 3276 3766 3573 3868; x_wconf 83' lang='lat' dir='ltr'><strong>singulis</strong></span> 
     </span>
     <span class='ocr_line' id='line_1_23' title="bbox 514 3896 3572 4001; baseline 0.001 -26"><span class='ocrx_word' id='word_1_223' title='bbox 514 3903 917 3990; x_wconf 74' lang='lat' dir='ltr'><strong>sententiis,</strong></span> <span class='ocrx_word' id='word_1_224' title='bbox 969 3912 1230 4001; x_wconf 88' lang='lat' dir='ltr'><strong>utpote</strong></span> <span class='ocrx_word' id='word_1_225' title='bbox 1281 3896 1614 3988; x_wconf 88' lang='lat' dir='ltr'><strong>liberius,</strong></span> <span class='ocrx_word' id='word_1_226' title='bbox 1671 3899 1841 3971; x_wconf 90' lang='lat' dir='ltr'><strong>satis</strong></span> <span class='ocrx_word' id='word_1_227' title='bbox 1893 3897 2271 3999; x_wconf 85' lang='lat' dir='ltr'><strong>frequens,</strong></span> <span class='ocrx_word' id='word_1_228' title='bbox 2328 3899 2407 3969; x_wconf 91' lang='lat' dir='ltr'><strong>in</strong></span> <span class='ocrx_word' id='word_1_229' title='bbox 2456 3899 2900 3972; x_wconf 82' lang='lat' dir='ltr'><strong>carminibus</strong></span> <span class='ocrx_word' id='word_1_230' title='bbox 2934 3898 3393 4000; x_wconf 85' lang='lat' dir='ltr'><strong>longioribus</strong></span> <span class='ocrx_word' id='word_1_231' title='bbox 3425 3901 3572 3978; x_wconf 89' lang='lat' dir='ltr'><strong>huc</strong></span> 
     </span>
     <span class='ocr_line' id='line_1_24' title="bbox 514 4030 3568 4141; baseline 0.001 -31"><span class='ocrx_word' id='word_1_232' title='bbox 514 4035 690 4110; x_wconf 89' lang='lat' dir='ltr'><strong>illuc</strong></span> <span class='ocrx_word' id='word_1_233' title='bbox 750 4037 1250 4108; x_wconf 85' lang='lat' dir='ltr'><strong>intermixtum</strong></span> <span class='ocrx_word' id='word_1_234' title='bbox 1302 4048 1704 4135; x_wconf 87' lang='lat' dir='ltr'><strong>comparet.</strong></span> <span class='ocrx_word' id='word_1_235' title='bbox 1809 4031 2207 4106; x_wconf 88' lang='lat' dir='ltr'><strong>Distichon</strong></span> <span class='ocrx_word' id='word_1_236' title='bbox 2271 4030 2897 4134; x_wconf 89' lang='lat' dir='ltr'><strong>quemadmodum</strong></span> <span class='ocrx_word' id='word_1_237' title='bbox 2947 4032 3209 4110; x_wconf 87' lang='lat' dir='ltr'><strong>Slocus</strong></span> <span class='ocrx_word' id='word_1_238' title='bbox 3260 4039 3339 4111; x_wconf 89' lang='lat' dir='ltr'><strong>in</strong></span> <span class='ocrx_word' id='word_1_239' title='bbox 3390 4065 3568 4141; x_wconf 87' lang='lat' dir='ltr'><strong>qua-</strong></span> 
     </span>
     <span class='ocr_line' id='line_1_25' title="bbox 402 4164 3569 4278; baseline 0.001 -30"><span class='ocrx_word' id='word_1_240' title='bbox 402 4187 407 4191; x_wconf 77' lang='grc'><strong>’</strong></span> <span class='ocrx_word' id='word_1_241' title='bbox 515 4190 685 4248; x_wconf 87' lang='lat' dir='ltr'><strong>tuor</strong></span> <span class='ocrx_word' id='word_1_242' title='bbox 733 4164 1083 4247; x_wconf 83' lang='lat' dir='ltr'><strong>dividitur</strong></span> <span class='ocrx_word' id='word_1_243' title='bbox 1132 4168 1488 4261; x_wconf 89' lang='lat' dir='ltr'><strong>membra,</strong></span> <span class='ocrx_word' id='word_1_244' title='bbox 1547 4196 1775 4277; x_wconf 57' lang='grc' dir='ltr'><strong>ζῃζγς,</strong></span> <span class='ocrx_word' id='word_1_245' title='bbox 1840 4194 2161 4271; x_wconf 85' lang='lat' dir='ltr'><strong>quorum</strong></span> <span class='ocrx_word' id='word_1_246' title='bbox 2210 4171 2530 4272; x_wconf 90' lang='lat' dir='ltr'><strong>primum</strong></span> <span class='ocrx_word' id='word_1_247' title='bbox 2583 4172 3027 4275; x_wconf 90' lang='lat' dir='ltr'><strong>tertiumque</strong></span> <span class='ocrx_word' id='word_1_248' title='bbox 3076 4173 3310 4249; x_wconf 86' lang='lat' dir='ltr'><strong>tribus</strong></span> <span class='ocrx_word' id='word_1_249' title='bbox 3357 4172 3569 4278; x_wconf 87' lang='lat' dir='ltr'><strong>pedi·</strong></span> 
     </span>
     <span class='ocr_line' id='line_1_26' title="bbox 515 4301 3565 4416; baseline 0.001 -29"><span class='ocrx_word' id='word_1_250' title='bbox 515 4312 652 4389; x_wconf 89' lang='lat' dir='ltr'><strong>bus</strong></span> <span class='ocrx_word' id='word_1_251' title='bbox 691 4313 842 4387; x_wconf 83' lang='lat' dir='ltr'><strong>sive</strong></span> <span class='ocrx_word' id='word_1_252' title='bbox 877 4305 1269 4385; x_wconf 88' lang='lat' dir='ltr'><strong>duodecim</strong></span> <span class='ocrx_word' id='word_1_253' title='bbox 1309 4309 1788 4411; x_wconf 86' lang='lat' dir='ltr'><strong>temporibus,</strong></span> <span class='ocrx_word' id='word_1_254' title='bbox 1846 4334 2076 4403; x_wconf 70' lang='lat'><strong>1113121</strong></span> <span class='ocrx_word' id='word_1_255' title='bbox 2119 4322 2482 4402; x_wconf 88' lang='lat' dir='ltr'><strong>constant,</strong></span> <span class='ocrx_word' id='word_1_256' title='bbox 2538 4306 2685 4384; x_wconf 88' lang='lat' dir='ltr'><strong>boc</strong></span> <span class='ocrx_word' id='word_1_257' title='bbox 2722 4327 2830 4385; x_wconf 90' lang='lat' dir='ltr'><strong>cst</strong></span> <span class='ocrx_word' id='word_1_258' title='bbox 2861 4310 3157 4416; x_wconf 84' lang='lat' dir='ltr'><strong>syllabis</strong></span> <span class='ocrx_word' id='word_1_259' title='bbox 3191 4301 3565 4411; x_wconf 50' lang='lat' dir='ltr'><strong>brcfribus,</strong></span> 
     </span>
     <span class='ocr_line' id='line_1_27' title="bbox 520 4445 3571 4556; baseline 0.001 -31"><span class='ocrx_word' id='word_1_260' title='bbox 520 4449 896 4556; x_wconf 87' lang='lat' dir='ltr'><strong>productis</strong></span> <span class='ocrx_word' id='word_1_261' title='bbox 930 4475 1083 4524; x_wconf 89' lang='lat' dir='ltr'><strong>non</strong></span> <span class='ocrx_word' id='word_1_262' title='bbox 1119 4449 1606 4540; x_wconf 89' lang='lat' dir='ltr'><strong>obstantibus,</strong></span> <span class='ocrx_word' id='word_1_263' title='bbox 1667 4472 1854 4550; x_wconf 87' lang='lat' dir='ltr'><strong>quae</strong></span> <span class='ocrx_word' id='word_1_264' title='bbox 1888 4450 1967 4521; x_wconf 90' lang='lat' dir='ltr'><strong>in</strong></span> <span class='ocrx_word' id='word_1_265' title='bbox 2000 4447 2209 4521; x_wconf 88' lang='lat' dir='ltr'><strong>binas</strong></span> <span class='ocrx_word' id='word_1_266' title='bbox 2245 4445 2744 4526; x_wconf 86' lang='lat' dir='ltr'><strong>dissolvuntur</strong></span> <span class='ocrx_word' id='word_1_267' title='bbox 2777 4449 3067 4524; x_wconf 73' lang='lat' dir='ltr'><strong>mattas.</strong></span> <span class='ocrx_word' id='word_1_268' title='bbox 3150 4450 3571 4529; x_wconf 89' lang='lat' dir='ltr'><strong>Membrum</strong></span> 
     </span>
     <span class='ocr_line' id='line_1_28' title="bbox 519 4583 3567 4687; baseline 0 -23"><span class='ocrx_word' id='word_1_269' title='bbox 519 4586 919 4664; x_wconf 89' lang='lat' dir='ltr'><strong>secundum</strong></span> <span class='ocrx_word' id='word_1_270' title='bbox 972 4583 1414 4677; x_wconf 89' lang='lat' dir='ltr'><strong>octodecim,</strong></span> <span class='ocrx_word' id='word_1_271' title='bbox 1476 4601 1814 4686; x_wconf 79' lang='lat' dir='ltr'><strong>quartum</strong></span> <span class='ocrx_word' id='word_1_272' title='bbox 1865 4600 2110 4659; x_wconf 88' lang='lat' dir='ltr'><strong>autem</strong></span> <span class='ocrx_word' id='word_1_273' title='bbox 2162 4584 2663 4660; x_wconf 86' lang='lat' dir='ltr'><strong>catalecticum</strong></span> <span class='ocrx_word' id='word_1_274' title='bbox 2705 4583 3127 4687; x_wconf 89' lang='lat' dir='ltr'><strong>quindecim</strong></span> <span class='ocrx_word' id='word_1_275' title='bbox 3159 4587 3407 4663; x_wconf 66' lang='lat' dir='ltr'><strong>matris</strong></span> <span class='ocrx_word' id='word_1_276' title='bbox 3439 4591 3567 4665; x_wconf 85' lang='lat' dir='ltr'><strong>ab·</strong></span> 
     </span>
     <span class='ocr_line' id='line_1_29' title="bbox 522 4718 3322 4824; baseline -0.001 -26"><span class='ocrx_word' id='word_1_277' title='bbox 522 4723 848 4798; x_wconf 84' lang='lat' dir='ltr'><strong>solvitur.</strong></span> <span class='ocrx_word' id='word_1_278' title='bbox 957 4721 1240 4824; x_wconf 82' lang='lat' dir='ltr'><strong>Regula</strong></span> <span class='ocrx_word' id='word_1_279' title='bbox 1286 4718 1642 4812; x_wconf 61' lang='lat' dir='ltr'><strong>Kalidzisi,</strong></span> <span class='ocrx_word' id='word_1_280' title='bbox 1703 4745 1890 4820; x_wconf 86' lang='lat' dir='ltr'><strong>quae</strong></span> <span class='ocrx_word' id='word_1_281' title='bbox 1942 4719 2235 4793; x_wconf 84' lang='lat' dir='ltr'><strong>schema</strong></span> <span class='ocrx_word' id='word_1_282' title='bbox 2287 4720 2506 4794; x_wconf 89' lang='lat' dir='ltr'><strong>simul</strong></span> <span class='ocrx_word' id='word_1_283' title='bbox 2557 4722 2890 4822; x_wconf 86' lang='lat' dir='ltr'><strong>praebet,</strong></span> <span class='ocrx_word' id='word_1_284' title='bbox 2945 4719 3128 4794; x_wconf 91' lang='lat' dir='ltr'><strong>haec</strong></span> <span class='ocrx_word' id='word_1_285' title='bbox 3179 4736 3322 4796; x_wconf 86' lang='lat' dir='ltr'><strong>est:</strong></span> 
     </span>
    </p>
   </div>
   <div class='ocr_carea' id='block_1_5' title="bbox 1398 4887 2691 4994">
    <p class='ocr_par' dir='ltr' id='par_1_6' title="bbox 1398 4887 2691 4994">
     <span class='ocr_line' id='line_1_30' title="bbox 1398 4887 2691 4994; baseline 0.002 -3"><span class='ocrx_word' id='word_1_286' title='bbox 1398 4964 1549 4978; x_wconf 78' lang='grc'><strong>....</strong></span> <span class='ocrx_word' id='word_1_287' title='bbox 1811 4964 1862 4976; x_wconf 87' lang='grc'><strong>-</strong></span> <span class='ocrx_word' id='word_1_288' title='bbox 1981 4887 2691 4994; x_wconf 52' lang='grc' dir='ltr'>--ι--ιυ-υι--ιυ</span> 
     </span>
    </p>
   </div>
   <div class='ocr_carea' id='block_1_6' title="bbox 1397 4920 2626 5095">
    <p class='ocr_par' dir='ltr' id='par_1_7' title="bbox 1397 4920 2626 5095">
     <span class='ocr_line' id='line_1_31' title="bbox 1397 4920 2563 5095; baseline 0.001 -76"><span class='ocrx_word' id='word_1_289' title='bbox 1397 4990 1554 5020; x_wconf 69' lang='lat' dir='ltr'><strong>-uu</strong></span> <span class='ocrx_word' id='word_1_290' title='bbox 1603 4992 1768 5020; x_wconf 75' lang='grc' dir='ltr'><strong>υ-υ</strong></span> <span class='ocrx_word' id='word_1_291' title='bbox 1813 4920 1969 5057; x_wconf 62' lang='lat' dir='ltr'><strong>-zu</strong></span> <span class='ocrx_word' id='word_1_292' title='bbox 2165 4988 2178 5094; x_wconf 82' lang='grc' dir='ltr'>Ι</span> <span class='ocrx_word' id='word_1_293' title='bbox 2310 4988 2322 5094; x_wconf 71' lang='grc' dir='ltr'>Ι</span> <span class='ocrx_word' id='word_1_294' title='bbox 2399 4988 2411 5094; x_wconf 80' lang='grc' dir='ltr'>Ι</span> <span class='ocrx_word' id='word_1_295' title='bbox 2550 4990 2563 5095; x_wconf 69' lang='grc'><strong>1</strong></span> 
     </span>
     <span class='ocr_line' id='line_1_32' title="bbox 1983 5028 2626 5063; baseline 0 -6"><span class='ocrx_word' id='word_1_296' title='bbox 1983 5028 2149 5057; x_wconf 68' lang='lat' dir='ltr'><strong>-uu</strong></span> <span class='ocrx_word' id='word_1_297' title='bbox 2189 5033 2301 5048; x_wconf 86' lang='lat'><strong>-—</strong></span> <span class='ocrx_word' id='word_1_298' title='bbox 2338 5028 2383 5057; x_wconf 77' lang='grc' dir='ltr'><strong><em>υ</em></strong></span> <span class='ocrx_word' id='word_1_299' title='bbox 2423 5033 2531 5048; x_wconf 87' lang='lat'><strong>——·</strong></span> <span class='ocrx_word' id='word_1_300' title='bbox 2576 5030 2626 5063; x_wconf 65' lang='lat' dir='ltr'><em>u</em></span> 
     </span>
    </p>
   </div>
  </div>
 </body>
</html>
