4126 5595
519 560 693 649 204
1005 583 1095 647 m
1149 580 1791 665 BnAn‘rmnAms
1852 580 2338 643 cnm-umas
2399 582 3110 648 mmmmm-smus,

532 1008 622 1088 ⁷5.

540 2451 628 2505 77.

545 3746 632 3803 78.

1647 797 1945 873 W
1973 765 2114 858 ⁸22¹
2148 768 2364 862 affl:

979 949 991 964 .
1645 890 1902 991 W
1944 897 2381 980 Wffi'mfffl't
2438 923 2465 962 ιι

667 1019 1086 1103 Adoptavimus
1127 1015 1374 1082 cod.A.
1412 1018 1730 1080 lectionem
1769 1013 1980 1106 αῇπςθ
2011 1040 2123 1100 pro
2161 1015 2246 1083 ἡ
2281 1015 2385 1082 ⁶&
2417 1034 2721 1110 W:
2763 987 2910 1080 etin
2937 1020 3308 1084 hemistichio
3335 1024 3593 1083 secundo

663 1127 921 1205 εῆιιτπῇι
962 1158 1073 1220 pro
1100 1137 1481 1199 Nominativo
1518 1136 1776 1218 quamvis
1803 1149 2048 1217 utraque
2074 1137 2304 1220 vulgata
2332 1135 2513 1198 lectio
2549 1137 2731 1219 possit
2769 1136 3033 1217 defendi,
3065 1147 3351 1213 posterior
3379 1151 3598 1219 autem,

663 1257 776 1318 iam
804 1275 1038 1334 vereor,
1067 1256 1247 1317 debet
1267 1255 1573 1338 praeferri.
1625 1254 1917 1316 Ultimum
1944 1254 2299 1317 vocabulum
2321 1245 2457 1346 ἑῆς
2489 1254 2641 1317 bene
2667 1275 2730 1317 se
2757 1255 2953 1333 habet,
2980 1277 3172 1337 neque
3200 1257 3259 1317 in
3284 1248 3411 1347 ὧτε
3443 1259 3596 1319 eius·

666 1374 798 1435 dem
814 1373 965 1436 Cod.
996 1374 1490 1451 commutandum,
1510 1374 1622 1435 iam
1651 1373 1805 1434 enim
1833 1373 1895 1432 in
1922 1373 2042 1455 ipsa
2069 1374 2251 1455 stirpe
2279 1372 2421 1434 latet
2445 1373 2688 1437 virilitas
2714 1395 2780 1436 ac
2808 1375 3134 1438 strenuitas.
3166 1375 3434 1436 Tertium
3460 1395 3596 1438 ver·

664 1516 757 1557 sus
792 1493 1121 1556 membrum
1159 1492 1471 1578 imaginem
1507 1493 1722 1575 repetit
1746 1514 1776 1554 a
1803 1490 2025 1574 laqueis
2063 1491 2274 1573 quibus
2312 1493 2509 1556 hostes
2548 1495 2858 1576 capiuntur
2894 1495 2985 1580 [in
3014 1506 3234 1557 textum
3259 1508 3451 1557 autem
3484 1517 3598 1578 pro

665 1600 860 1680 ⁸553*
882 1614 1032 1676 male
1058 1614 1293 1695 irrepsit
1316 1599 1553 1692 aiter}
1631 1612 1806 1673 Tales
1833 1631 1976 1673 vero
2005 1611 2219 1693 laquei,
2257 1613 2355 1693 qui
2385 1613 2554 1674 collis
2582 1613 2837 1674 serarum
2866 1627 2928 1676 et
2952 1614 3206 1676 hostium
3236 1615 3601 1691 iniiciuntur,

667 1733 819 1814 apud
857 1752 1061 1794 omnes
1097 1730 1223 1791 sere
1259 1729 1509 1811 populos
1548 1741 2098 1805 commemorantur,
2134 1729 2358 1790 Arabes
2395 1728 2512 1791 hoc
2549 1731 2728 1790 modo
2754 1731 2975 1791 uinum
3012 1732 3337 1795 silvestrem
3376 1732 3600 1813 cepisse

670 1850 832 1911 testis
860 1862 947 1910 est
969 1852 1262 1908 Arrianus
1291 1848 1396 1926 (de
1423 1859 1613 1908 venat.
1629 1847 1771 1923 24),
1806 1846 1961 1907 inter
1986 1867 2141 1907 arma
2171 1846 2479 1908 Persarum
2506 1852 2828 1907 Herodotus
2855 1850 2940 1927 (7,
2959 1851 3078 1929 85.)
3109 1849 3323 1924 resert3
3356 1855 3598 1910 Pausa-

669 1975 802 2027 m'm
829 1968 1047 2047 (¹,21.)
1075 1967 1146 2027 de
1175 1963 1549 2041 Sauromatis,
1584 1969 1798 2023 Suanos
1828 1963 1901 2025 de
1928 1963 2181 2042 Parthis,
2216 1965 2317 2044 qui
2337 1946 2715 2062 ,σειξᾶφὸξοι
2742 1966 2889 2044 (vid.
2918 1967 3083 2029 Suid.
3110 1967 3171 2028 h.
3197 1967 3360 2047 voc.)
3388 1967 3598 2028 exinde

670 2085 1033 2163 dicebantur,
1069 2085 1270 2146 eadem
1310 2096 1525 2161 narrat,
1561 2094 1624 2144 et
1657 2082 1810 2166 apud
1835 2088 2152 2142 Homerum
2178 2082 2279 2162 (11.
2305 2085 2534 2163 s,487.)
2570 2067 2813 2163 ἀψῖδες
2849 2069 2988 2146 λῖνε
3024 2084 3178 2147 baud
3205 2084 3382 2147 dubie
3411 2085 3483 2147 de
3511 2085 3597 2148 la-

669 2206 833 2288 queis
859 2204 980 2268 istis
1006 2203 1473 2290 intelligendum.
1525 2203 1709 2266 Plura
1733 2204 1852 2267 vid.
1877 2203 1940 2265 in
1966 2210 2143 2264 India
2170 2224 2298 2266 mea
2323 2204 2405 2266 Π.
2430 2225 2488 2286 p.
2506 2208 2597 2266 62.
2662 2201 2901 2266 Scholia
2927 2204 2988 2264 in
3017 2205 3307 2268 distichon
3334 2218 3600 2269 nostrum

672 2325 900 2386 desum.

674 2442 747 2503 In
774 2441 1011 2504 Cod.B.
1038 2443 1268 2504 initium
1294 2461 1494 2506 versus
1518 2443 1602 2502 sic
1626 2463 1689 2504 se
1713 2442 1919 2504 habet=

1500 2556 1593 2647 ετξ·
1621 2553 2262 2651 πῂπιῖτζςξῆπῆυτῐ
2294 2553 2443 2653 fr&
2473 2547 2634 2622 ἱᾶιιῆ

672 2694 822 2754 quae
859 2674 1094 2756 quidem
1131 2675 1309 2737 lectio
1337 2695 1569 2737 sensum
1596 2696 1716 2736 non
1744 2688 1947 2751 mutat,
1982 2696 2176 2756 neque
2202 2689 2396 2737 tamen
2424 2675 2602 2735 habet
2629 2695 2737 2735 cur
2761 2673 3054 2736 Editionis
3091 2673 3277 2736 textui
3304 2674 3600 2755 praefera-

675 2804 793 2853 tur.
869 2794 941 2855 In
966 2790 1042 2856 A.
1068 2793 1355 2855 sententia
1382 2791 1741 2854 desideratur
1767 2814 1879 2854 una
1908 2815 2038 2854 cum
2065 2792 2302 2857 scholiis
2331 2815 2479 2877 quae
2507 2793 2568 2855 in
2595 2792 2856 2856 distichis
2884 2792 2959 2854 de
2987 2793 3308 2857 constantia
3332 2792 3603 2855 omnibus

681 2908 808 2971 sere
847 2910 1057 2972 desunt
1092 2912 1188 2972 vel
1224 2911 1427 2973 saltem
1463 2891 1749 2972 ieiuniora
1785 2923 1937 2972 sunt.
2013 2911 2135 2973 Pro
2169 2906 2288 3002 ὣς
2327 2914 2388 2972 ἰιι
2417 2911 2570 2973 Cod.
2596 2904 2770 2976 fflwr
2795 2923 2994 2973 exstat.
3073 2912 3440 2974 Vocabulum
3465 2902 3602 2978 π’ᾓᾘι

679 3034 895 3087 crudoles
931 3027 1049 3089 h.l.
1087 3028 1489 3089 fortitudinem
1528 3040 1590 3089 et
1613 3028 1888 3090 virtutem
1916 3020 2060 3090 κατ’
2088 3009 2332 3117 ἓξοχῆν
2358 3029 2663 3112 significat,
2699 3028 2855 3108 quod
2893 3028 2953 3087 in
2981 3028 3099 3109 ipsa
3126 3029 3285 3089 vocis
3311 3028 3451 3089 latet
3477 3026 3599 3089 ori-

673 3142 813 3225 gine
856 3144 904 3204 si
943 3165 1074 3203 cum
1110 3140 1272 3211 &tw
1306 3167 1520 3201 satum
1559 3143 1854 3215 conseras3
1889 3143 2024 3202 dein
2061 3145 2133 3203 ad
2172 3144 2330 3203 illam
2358 3146 2509 3206 vitae
2537 3146 2825 3205 rationem
2854 3145 3219 3222 transfertur,
3255 3164 3402 3223 quae
3429 3164 3602 3205 sensu

671 3260 822 3337 veri,
856 3259 1002 3326 boni
1042 3271 1103 3322 et
1136 3259 1370 3342 pulchri
1410 3259 1578 3336 nitet,
1611 3259 1736 3322 sive
1774 3271 1841 3320 ut
1876 3281 1996 3321 uno
2036 3259 2224 3321 verbo
2264 3259 2472 3337 dicam,
2507 3259 2577 3321 ad
2619 3260 3036 3321 humanitatem
3068 3274 3128 3322 et
3152 3282 3324 3323 sensu
3350 3260 3603 3341 denique

673 3377 950 3443 latissimo
990 3379 1062 3442 ad
1104 3401 1230 3441 eam
1269 3377 1521 3442 hominis
1548 3378 1811 3443 indolem
1837 3401 1949 3461 qua
1974 3379 2088 3441 sibi
2116 3391 2538 3441 consentaneus
2566 3392 2654 3441 est
2676 3379 2882 3461 aliquis
2908 3379 2969 3440 in
2998 3380 3270 3443 omnibus
3297 3400 3441 3462 quae
3468 3400 3608 3463 per-

673 3498 813 3584 agit.
890 3499 992 3562 Sic
1029 3498 1090 3560 in
1127 3520 1300 3563 versu
1333 3499 1596 3583 proxime
1630 3512 1913 3581 sequente
1955 3499 2289 3580 adhibetur,
2323 3499 2426 3561 ubi
2454 3504 2735 3572 Roget-ius
2764 3498 2918 3561 bene
2947 3500 3404 3565 circumscribit:
3439 3509 3603 3568 celm‘,

675 3627 779 3697 qus·
797 3628 946 3696 spuit
968 3631 1417 3682 s'aecommoder
1441 3627 1481 3680 ὰ
1505 3631 1787 3682 mmmcm-
1809 3631 1947 3680 ἄκη
1973 3630 2215 3683 chacun.

679 3737 1114 3803 Generosiores
1151 3740 1263 3804 vini
1305 3753 1365 3802 et
1401 3738 1513 3802 sibi
1555 3752 1885 3801 constantes
1926 3759 2163 3801 omnem
2205 3760 2403 3801 rerum
2445 3751 2707 3801 naturam
2733 3738 2845 3802 sibi
2869 3739 3205 3802 subiiciunt.
3283 3741 3379 3800 De
3408 3739 3603 3801 verbis

678 3857 1143 3937 denominativis,
1169 3857 1377 3939 quibus
1403 3857 1587 3919 utitur
1610 3870 1807 3940 poeta,
1832 3857 1949 3921 vid.
1976 3857 2049 3918 ad
2071 3857 2333 3939 Sringar.
2349 3859 2458 3928 344
2484 3857 2640 3917 inter
2663 3857 2809 3917 baec
2834 3845 3055 3946 W
3079 3857 3295 3919 rectius
3324 3869 3410 3918 est
3436 3877 3604 3936 quam

678 3978 839 4057 quod
869 3975 1104 4039 Cod.A.
1126 3977 1407 4060 proponit
1428 3965 1666 4070 ξιπῆπῆ.
1692 3975 2001 4037 Maluimus
2027 3996 2212 4056 porro
2239 3996 2373 4035 cum
2399 3972 2471 4035 A.
2489 3987 2551 4036 ct
2573 3975 2642 4035 B.
2665 3962 2919 4067 wa}
2941 4009 3019 4021 —
3043 3974 3200 4055 quod
3229 3987 3286 4037 et
3310 3974 3605 4061 Rogerius

678 4097 974 4178 expressit:
997 4123 1077 4157 un
1096 4106 1357 4158 ναίω-εσυ
1382 4131 1462 4145 —
1480 4117 1592 4179 pro
1617 4084 1822 4190 W
1837 4113 2077 4171 puteum
2087 4100 2248 4171 fieri,-
2269 4094 2330 4154 iu
2346 4080 2549 4160 Ξῖῐῐῑῐῇ
2571 4107 2764 4156 nutem
2782 4094 3029 4179 gravitas
3048 4095 3227 4157 multa
3247 4094 3414 4173 inest,
3434 4094 3598 4156 ideo-

680 4236 794 4297 que
832 4239 940 4280 suo
977 4216 1114 4280 loco
1154 4218 1386 4300 eripere
1412 4216 1577 4279 nolui
1604 4230 1666 4279 ει
1690 4239 1822 4279 cum
1847 4202 2052 4282 Εῆπιπ
2076 4214 2152 4277 Α.
2188 4214 2284 4278 vel
2306 4202 2504 4279 8ιῦωῆ
2530 4215 2599 4275 Β.
2628 4226 3006 4294 commutare,
3042 4235 3187 4295 quae
3216 4234 3376 4275 mera
3406 4213 3598 4276 forsan

680 4335 1029 4416 scriptorum
1051 4336 1191 4399 vitia
1215 4350 1370 4399 sunt.
1419 4335 1728 4397 Notandus
1755 4348 1842 4397 est
1867 4334 2269 4417 superlativus
2295 4332 2573 4395 audacior
2597 4333 2657 4393 in
2687 4332 3034 4414 Composito
3060 4325 3542 4422 Εῆπθῆσπῃη
3570 4355 3597 4391 ιι

556 4458 644 4516 79.
688 4449 882 4512 llomo
906 4442 1254 4537 Gffiwffiis
1281 4466 1369 4513 est
1393 4453 1493 4531 qui
1521 4452 1674 4512 bona
1701 4473 1881 4533 opera
1906 4463 2081 4531 atque
2108 4451 2305 4512 officia
2329 4450 2599 4511 omnibus
2625 4449 2846 4511 viribus
2872 4449 3262 4530 persequitur,
3291 4469 3383 4509 res
3412 4460 3600 4509 exter-

690 4585 789 4625 nas
822 4588 940 4627 non
969 4590 1204 4629 tutans.
1280 4570 1463 4629 Ilumi
1499 4568 1818 4651 stragulum
1861 4567 2186 4648 opponitur
2221 4566 2466 4628 lecticae
2507 4556 2661 4655 πᾶἷ,
2695 4564 2855 4644 quod
2893 4565 3129 4645 quidem
3166 4562 3510 4627 vocabulum
3538 4563 3600 4623 in

686 4680 855 4741 India
904 4696 1100 4744 nostra
1150 4686 1258 4762 (11.
1279 4707 1338 4766 p.
1356 4684 1506 4764 109.)
1562 4683 1707 4747 salso
1750 4707 1880 4746 cum
1933 4684 2166 4767 persico
2213 4676 2393 4768 εἷλὲ
2444 4682 2826 4761 contulimus,
2875 4681 3149 4744 scribitur
3199 4682 3369 4742 etiam
3421 4679 3603 4747 avim?

688 4797 847 4859 unde
885 4799 1235 4862 hodiernum
1275 4823 1490 4865 nomen
1530 4810 1830 4864 Palankin
1867 4803 2187 4866 descendit.
2262 4805 2498 4865 Morem
2534 4804 2594 4863 in
2620 4800 2784 4863 India
2807 4801 3102 4881 antiquum
3132 4819 3256 4862 esse
3283 4821 3403 4880 quo
3431 4818 3602 4881 reges

690 4928 753 4980 et
778 4914 1047 4984 homines
1075 4921 1369 4987 delicatuli
1394 4941 1605 5006 „sexta
1630 4932 1835 4985 cervice
1846 4925 2042 5002 sem*
2070 4944 2197 4989 sese
2221 4923 2369 5008 passi
2392 4922 2529 5004 sint,
2555 4943 2623 4985 ex
2656 4927 2847 4983 cureat>
2874 4919 3141 4984 discimus
3165 4922 3250 4999 (8,
3262 4920 3366 4998 9·):
3406 4924 3600 4998 Quum
